@comment{
	This bibtex file was automatically created by BibPHP Version 1.3.
	User: marcy
	Date: 18 Jun 2020
	Bibliography updated: 18 Jun 2020 22:25
}

@book(
	bar03,
	title =	"{K}nowledge {R}epresentation, {R}easoning, and {D}eclarative {P}roblem {S}olving",
	author =	"Chitta Baral",
	month =	"Jan",
	year =	"2003",
	publisher =	"Cambridge University Press",
)

@book(
	barto-2,
	title =	"{R}einforcement learning: an introduction",
	author =	"Andrew G. Barto and Richard S. Sutton",
	year =	"1998",
	publisher =	"MIT Press",
)

@book(
	bb05,
	title =	"{R}epresentation and {I}nference for {N}atural {L}anguage",
	author =	"Patrick Blackburn and Johan Bos",
	year =	"2005",
	publisher =	"CSLI",
	series =	"CSLI Studies in Computational Linguistics",
)

@book(
	cmn83,
	title =	"{T}he {P}sychology of {H}uman-{C}omputer {I}nteraction",
	author =	"Stuart K. Card and Thomas P. Moran and Allen Newell",
	year =	"1983",
	publisher =	"L. Erlbaum Associates Inc.",
)

@book(
	davis-1,
	title =	"{R}epresenting and {A}cquiring {G}eographic {K}nowledge",
	author =	"E. Davis",
	year =	"1986",
	publisher =	"Morgan Kaufmann",
)

@book(
	de-raedt-1,
	title =	"{A}dvances in {I}nductive {L}ogic {P}rogramming",
	author =	"L. De Raedt",
	year =	"1996",
	publisher =	"IOS Press",
)

@book(
	dem94,
	title =	"{S}ynthesis and {O}ptimization of {D}igital {C}ircuits",
	author =	"G. De Micheli",
	year =	"1994",
	series =	"McGraw--Hill Series in Electrical and Computer Engineering",
)

@book(
	furukawa-1,
	title =	"{M}achine {I}ntelligence and {I}nductive {L}earning",
	author =	"K. Furukawa and D. Michie and Stephen Muggleton",
	year =	"1994",
	volume =	"13",
	publisher =	"Oxford University Press",
	series =	"Machine Intelligence Series",
)

@book(
	gk14,
	title =	"{K}nowledge {R}epresentation, {R}easoning, and the {D}esign of {I}ntelligent {A}gents. {T}he {A}nswer-{S}et {P}rogramming {A}pproach",
	author =	"Michael Gelfond and Yulia Kahl",
	year =	"2014",
	publisher =	"Cambridge University Press",
	MYfile =	"gelfond-book.pdf",
)

@book(
	hay99,
	title =	"{N}eural {N}etworks, {A} {C}omprehensive {F}oundation",
	author =	"Simon Haykin",
	year =	"1999",
	edition =	"2nd",
	publisher =	"Prentice Hall",
)

@book(
	holland-1,
	title =	"{I}{N}{D}{U}{C}{T}{I}{O}{N}: {P}rocesses of {I}nference, {L}earning and {D}iscovery",
	author =	"John H. Holland and Keith J. Holyoak and Richard E. Nisbett and Paul R. Thagard",
	year =	"1989",
	publisher =	"MIT Press",
)

@book(
	hon76,
	title =	"{M}athematical {G}ems {I}{I}",
	author =	"Ross Honsberger",
	year =	"1976",
	publisher =	"Mathematical Association of America",
)

@book(
	honovar-1,
	title =	"{A}rtificial {I}ntelligence \& {N}eural {N}etworks: {S}teps towards {P}rincipled {I}ntegration",
	author =	"V. Honovar and L. Uhr",
	year =	"1994",
	publisher =	"Boston academic press",
)

@book(
	jlp97,
	title =	"{J}ournal of {L}ogic {P}rogramming",
	year =	"1997",
	volume =	"31(1--3)",
	editor =	"Vladimir Lifschitz",
	note =	"Special Issue: Reasoning about Action and Change",
)

@book(
	kas06,
	title =	"{P}sychology in {M}odules",
	author =	"Saul Kassin",
	year =	"2006",
	publisher =	"Prentice Hall",
)

@book(
	kin98,
	title =	"{C}omprehension : {A} {P}aradigm for {C}ognition",
	author =	"Walter Kintsch",
	year =	"1998",
	publisher =	"Cambridge University Press",
)

@book(
	kodratoff-3,
	title =	"{I}ntroduction to {M}achine {L}earning",
	author =	"Yves Kodratoff",
	year =	"1988",
	publisher =	"Pitman publishing",
)

@book(
	koh78,
	title =	"{S}witching and {F}inite {A}utomata {T}heory",
	author =	"Z. Kohavi",
	year =	"1978",
	series =	"McGraw--Hill CS Series",
)

@book(
	kor97,
	title =	"{I}nformation {S}torage and {R}etrieval",
	author =	"Robert R. Korfhage",
	month =	"Jun",
	year =	"1997",
	publisher =	"John Wiley and Sons, Inc",
)

@book(
	lavrac-1,
	title =	"{I}nductive {L}ogic {P}rogramming. {T}echniques and {A}pplications",
	author =	"S. Dzeroski and N. Lavrac",
	year =	"1994",
	publisher =	"Ellis Horwood",
)

@book(
	lindauer-1,
	title =	"{B}otschaft ohne {W}orte",
	author =	"Martin Lindauer",
	year =	"1990",
	publisher =	"R. Piper GmbH \& Co.",
)

@book(
	lloydr-1,
	title =	"{F}oundations of {L}ogic {P}rogramming",
	author =	"J. W. Lloyd",
	year =	"1987",
	edition =	"2nd",
	publisher =	"Springer Verlag, Berlin",
)

@book(
	lls00,
	title =	"{M}icroscopic {S}imulation of {F}inancial {M}arkets: {F}rom {I}nvestor {B}ehavior to {M}arket {P}henomena",
	author =	"Haim Levy and Moshe Levy and Sorin Solomon",
	month =	"Aug",
	year =	"2000",
	publisher =	"Academic Press",
)

@book(
	ma01,
	title =	"{I}ntelligent {S}ystems: {A}rchitecture, {D}esign, and {C}ontrol",
	author =	"Alexander M. Meystel and James S. Albus",
	year =	"2001",
	publisher =	"John Wiley and Sons, Inc",
	series =	"Wiley Series on Intelligent Systems",
)

@book(
	maes-2,
	title =	"{D}esigning {A}utonomous {A}gents: {T}heory and {P}ractice from {B}iology to {E}ngineering and {B}ack",
	author =	"Pattie Maes",
	year =	"1990",
	publisher =	"MIT Press",
)

@book(
	michaelewicz-1,
	title =	"{G}enetic {A}lgorithms + {D}ata {S}tructures = {E}volution {P}rograms",
	author =	"Z. Michaelewicz",
	year =	"1992",
	publisher =	"Springer Verlag, Berlin",
)

@book(
	michalski-2,
	title =	"{M}achine {L}earning: an {A}rtificial {I}ntelligence {A}pproach",
	author =	"J. C. Carbonell and R. S. Michalski and T. M. Mitchell",
	year =	"1983",
	volume =	"1",
	publisher =	"Springer Verlag, Berlin",
)

@book(
	missiaen-1,
	title =	"{L}ocalized {A}bductive {P}lanning with the {E}vent {C}alculus",
	author =	"Lode Missiaen",
	month =	"Sep",
	year =	"1991",
	publisher =	"Katholieke Universiteit Leuven",
)

@book(
	mt93,
	title =	"{N}onmonotonic logics; context dependent reasoning",
	author =	"Victor W. Marek and Miroslaw Truszczynski",
	year =	"1993",
	publisher =	"Springer Verlag, Berlin",
)

@book(
	mue06,
	title =	"{C}ommonsense {R}easoning",
	author =	"Erik T. Mueller",
	year =	"2006",
	publisher =	"Morgan Kaufmann",
)

@book(
	mur00,
	title =	"{I}ntroduction to {A}{I} {R}obotics",
	author =	"Robin Murphy",
	year =	"2000",
	publisher =	"MIT Press",
)

@book(
	nev07,
	title =	"{P}sychology: {C}oncepts and {A}pplications",
	author =	"Jeffrey S. Nevid",
	year =	"2007",
	edition =	"second",
	publisher =	"Houghton Mifflin Company",
)

@book(
	nourbakhsh-1,
	title =	"{I}nterleaving {P}lanning and {E}xecution for {A}utonomous {R}obots",
	author =	"Illah Nourbakhsh",
	year =	"1997",
	publisher =	"Kluwer Academic Publishers",
)

@book(
	par-constr-reas-2018,
	title =	"{H}andbook of {P}arallel {C}onstraint {R}easoning",
	year =	"2018",
	editor =	"Youssef Hamadi and Lakhdar Sais",
	publisher =	"Springer Verlag, Berlin",
	MYfile =	"PARALLEL_CONSTR_REAS_HANDBOOK/Handbook-of-parallel-constraint-reasoning.pdf",
)

@book(
	pea00,
	title =	"{C}ausality",
	author =	"J. Pearl",
	year =	"2000",
	publisher =	"Cambridge University Press",
)

@book(
	quinlan-1,
	title =	"{C}4.5: {P}rograms for {M}achine {L}earning",
	author =	"J. R. Quinlan",
	year =	"1993",
	publisher =	"Morgan Kaufmann",
)

@book(
	ramsay-1,
	title =	"{F}ormal {M}ethods in {A}rtificial {I}ntelligence",
	author =	"A. Ramsay",
	year =	"1988",
	publisher =	"MIT Press",
)

@book(
	rei01,
	title =	"{K}nowledge in {A}ction -- {L}ogical {F}oundations for {S}pecifying and {I}mplementing {D}ynamical {S}ystems",
	author =	"Raymond Reiter",
	month =	"Sep",
	year =	"2001",
	publisher =	"MIT Press",
)

@book(
	russell-3,
	title =	"{A}rtificial {I}ntelligence: {A} modern approach",
	author =	"Peter Norvig and Stuart J. Russell",
	year =	"1995",
	publisher =	"Prentice Hall",
)

@book(
	sbde00,
	title =	"{H}eterogenous {A}ctive {A}gents",
	author =	"V. S. Subrahmanian and Piero A. Bonatti and Jurgen Dix and Thomas Eiter and Sarit Kraus and Fatma Ozcan and Robert Ross",
	year =	"2000",
	publisher =	"MIT Press",
)

@book(
	serra-1,
	title =	"{C}omplex {S}ystems and {C}ognitive {P}rocesses",
	author =	"R. Serra and G. Zanarini",
	year =	"1990",
	publisher =	"Springer Verlag, Berlin",
)

@book(
	sha97,
	title =	"{S}olving the frame problem: {A} mathematical investigation of the commonsense law of inertia",
	author =	"Murray Shanahan",
	year =	"1997",
	publisher =	"MIT Press",
)

@book(
	st11,
	title =	"{T}he {M}ultitasking {M}ind",
	author =	"Dario D. Salvucci and Niels A. Taatgen",
	year =	"2011",
	publisher =	"Oxford University Press",
)

@book(
	tec98,
	title =	"{B}uilding {I}ntelligent {A}gents",
	author =	"Gheorghe Tecuci",
	year =	"1998",
	publisher =	"Academic Press",
)

@book(
	ull88,
	title =	"{P}rinciples of {D}atabase and {K}nowledge-{B}ase {S}ystems",
	author =	"Jeffrey D. Ullman",
	year =	"1988",
	volume =	"1",
	publisher =	"Computer Science Press",
)

@book(
	ull89,
	title =	"{P}rinciples of {D}atabase and {K}nowledge-{B}ase {S}ystems",
	author =	"Jeffrey D. Ullman",
	year =	"1989",
	volume =	"2",
	publisher =	"Computer Science Press",
)

@book(
	veloso-1,
	title =	"{P}lanning and {L}earning by {A}nalogical {R}easoning",
	author =	"Manuela M. Veloso",
	year =	"1994",
	publisher =	"Springer Verlag, Berlin",
)

@book(
	woo00,
	title =	"{R}easoning about {R}ational {A}gents",
	author =	"Michael Wooldridge",
	year =	"2000",
	publisher =	"MIT Press",
)

@proceedings(
	aaai01,
	title =	"{A}nswer {S}et {P}rogramming: {T}owards {E}fficient and {S}calable {K}nowledge {R}epresentation and {R}easoning",
	month =	"Mar",
	year =	"2001",
	editor =	"Alessandro Provetti and Tran Cao Son",
	series =	"AAAI 2001 Spring Symposium Series",
)

@proceedings(
	aaai03,
	title =	"{I}nternational {S}ymposium on {L}ogical {F}ormalization of {C}ommonsense {R}easoning",
	month =	"Mar",
	year =	"2003",
	editor =	"Patrick Doherty and John McCarthy and Mary-Anne Williams",
	series =	"AAAI 2003 Spring Symposium Series",
)

@proceedings(
	aaai05,
	title =	"{P}roceedings of the 20th {N}ational {C}onference on {A}rtificial {I}ntelligence",
	year =	"2005",
	MYfile =	"AAAI05/AAAI.pdf",
)

@proceedings(
	aaai06-ss,
	title =	"{F}ormalizing and {C}ompiling {B}ackground {K}nowledge and its {A}pplications to {K}nowledge {R}epresentation and {Q}uestion {A}nswering",
	year =	"2006",
	series =	"AAAI 2006 Spring Symposium Series",
)

@proceedings(
	asp07,
	title =	"{P}roceedings of the 4th {W}orkshop on {A}nswer {S}et {P}rogramming ({A}{S}{P}07)",
	month =	"Sep",
	year =	"2007",
	editor =	"Stefania Costantini and Richard Watson",
	MYfile =	"ASPProc07.pdf",
)

@proceedings(
	cf98,
	title =	"{W}ord{N}et: {A}n {E}lectronic {L}exical {D}atabase",
	year =	"1998",
	editor =	"Christiane Fellbaum",
	publisher =	"MIT Press",
)

@proceedings(
	lecture-notes-cs-1,
	title =	"{K}nowledge {R}epresentation and {O}rganization in {M}achine {L}earning",
	volume =	"347",
	year =	"1989",
	editor =	"Katharina Morik",
	publisher =	"Springer Verlag, Berlin",
	series =	"Lecture Notes in Artificial Intelligence (LNCS)",
)

@proceedings(
	muc3,
	title =	"{P}roceedings of the {T}hird {M}essage {U}nderstanding {C}onference ({M}{U}{C}-3)",
	year =	"1991",
	publisher =	"Morgan Kaufmann",
)

@proceedings(
	muc4,
	title =	"{P}roceedings of the {F}ourth {M}essage {U}nderstanding {C}onference ({M}{U}{C}-4)",
	year =	"1992",
	publisher =	"Morgan Kaufmann",
)

@proceedings(
	prefs02,
	title =	"{P}references in {A}{I} and {C}{P}: {S}ymbolic {A}pproaches",
	year =	"2002",
	editor =	"Ulrich Junker",
	series =	"AAAI 2002 Spring Symposium Series",
)

@proceedings(
	pss00,
	title =	"2nd {N}{A}{S}{A} {I}nternational workshop on {P}lanning and {S}cheduling for {S}pace",
	month =	"Mar",
	year =	"2000",
	editor =	"Steve Chien and Nicola Muscettola",
)

@proceedings(
	pss02,
	title =	"3rd {N}{A}{S}{A} {I}nternational workshop on {P}lanning and {S}cheduling for {S}pace",
	month =	"Oct",
	year =	"2002",
	editor =	"David Kortenkamp",
)

@article(
	abb04,
	title =	"{A}n {I}ntegrated {T}heory of the {M}ind",
	author =	"J. R. Anderson and D. Bothell and M. D. Byrne and S. Douglass and C. Lebiere and Y. Qin",
	journal =	"Psychological Review",
	pages =	"1036--1060",
	volume =	"111",
	number =	"4",
	year =	"2004",
	MYfile =	"ACT-R.pdf",
)

@article(
	agre-1,
	title =	"{C}omputational research on interaction and agency",
	author =	"P. E. Agre",
	journal =	"Artificial Intelligence",
	pages =	"1--52",
	volume =	"72",
	year =	"1995",
)

@article(
	am01,
	title =	"{V}erifying {S}ecurity {P}rotocols as {P}lanning in {L}ogic {P}rogramming",
	author =	"Luigia Aiello and Fabio Massacci",
	journal =	"ACM Transactions on Computational Logic",
	year =	"2001",
)

@article(
	as71,
	title =	"{T}he {C}ontrol of {S}hort-{T}erm {M}emory",
	author =	"Richard C. Atkinson and Richard M. Shiffrin",
	journal =	"Scientific American",
	pages =	"82--90",
	volume =	"225",
	year =	"1971",
)

@article(
	bal11b,
	title =	"{L}earning and using domain-specific heuristics in {A}{S}{P} solvers",
	author =	"Marcello Balduccini",
	journal =	"AI Communications",
	pages =	"147--164",
	volume =	"24",
	number =	"2",
	year =	"2011",
)

@article(
	bal13,
	title =	"{A}{S}{P} with non-{H}erbrand {P}artial {F}unctions: a {L}anguage and {S}ystem for {P}ractical {U}se",
	author =	"Marcello Balduccini",
	journal =	"Journal of Theory and Practice of Logic Programming (TPLP)",
	year =	"2013",
)

@article(
	balduccini-5,
	title =	"{E}xperiments in {A}nswer {S}ets {P}lanning",
	author =	"Marcello Balduccini and Gianpaolo Brignoli and Gaetano A. Lanzarone and Fabrizio Magni and Alessandro Provetti",
	journal =	"Communication to AI*IA Notizie (Quarterly Bullettin of the Italian Artificial Intelligence Association)",
	year =	"2000",
)

@article(
	barto-1,
	title =	"{N}euronlike {A}daptive {E}lements {T}hat {C}an {S}olve {D}ifficult {L}earning {C}ontrol {P}roblems",
	author =	"Charles W. Anderson and Andrew G. Barto and Richard S. Sutton",
	journal =	"IEEE Transactions on Systems, Man, and Cybernetics",
	volume =	"SMC-13",
	number =	"5",
	month =	"Oct",
	year =	"1983",
)

@article(
	bb10,
	title =	"{A} {D}ecidable {S}ubclass of {F}initary {P}rograms",
	author =	"Sabrina Baselice and Piero A. Bonatti",
	journal =	"Journal of Theory and Practice of Logic Programming (TPLP)",
	pages =	"481--496",
	volume =	"10",
	number =	"4--6",
	year =	"2010",
)

@article(
	bbdh04,
	title =	"{C}{P}-nets: {A} {T}ool for {R}epresenting and {R}easoning with {C}onditional {C}eteris {P}aribus {P}reference {S}tatements",
	author =	"Craig Boutilier and Ronen I. Brafman and Carmel Domshlak and Holger H. Hoos and David Poole",
	journal =	"Journal of Artificial Intelligence Research",
	pages =	"135--191",
	volume =	"21",
	year =	"2004",
	MYfile =	"boutilier04a.pdf",
)

@article(
	bbdh04b,
	title =	"{P}reference-based {C}onstrained {O}ptimization with {C}{P}-nets",
	author =	"Craig Boutilier and Ronen I. Brafman and Carmel Domshlak and Holger H. Hoos and David Poole",
	journal =	"Computational Intelligence",
	pages =	"137--157",
	volume =	"20",
	number =	"2",
	month =	"May",
	year =	"2004",
	MYfile =	"cpconstraints.pdf",
)

@article(
	bc94,
	title =	"{I}ntroducing {G}lobal {C}onstraints in {C}{H}{I}{P}",
	author =	"Nicolas Beldiceanu and Evelyne Contejean",
	journal =	"Mathl. Comput. Modelling",
	publisher =	"Pergamon Press Ltd.",
	pages =	"97--123",
	volume =	"20",
	number =	"12",
	year =	"1994",
	MYfile =	"jmcm94.ps",
)

@article(
	bfgk97,
	title =	"{E}xperiences with an {A}rchitecture for {I}ntelligent, {R}eactive {A}gents",
	author =	"R. P. Bonasso and R. J. Firby and E. Gat and David Kortenkamp and D. Miller and M. Slack",
	journal =	"Journal of Experimental and Theoretical Artificial Intelligence",
	year =	"1997",
)

@article(
	bg10b,
	title =	"{F}ormalization of {P}sychological {K}nowledge in {A}nswer {S}et {P}rogramming and its {A}pplication",
	author =	"Marcello Balduccini and Sara Girotto",
	journal =	"Journal of Theory and Practice of Logic Programming (TPLP)",
	pages =	"725--740",
	volume =	"10",
	number =	"4--6",
	month =	"Jul",
	year =	"2010",
)

@article(
	bg94,
	title =	"{L}ogic {P}rogramming and {K}nowledge {R}epresentation",
	author =	"Chitta Baral and Michael Gelfond",
	journal =	"Journal of Logic Programming",
	pages =	"73--148",
	volume =	"19",
	number =	"20",
	year =	"1994",
)

@article(
	bg97,
	title =	"{R}easoning {A}bout {E}ffects of {C}oncurrent {A}ctions",
	author =	"Chitta Baral and Michael Gelfond",
	journal =	"Journal of Logic Programming",
	pages =	"85--118",
	volume =	"31",
	number =	"1--3",
	year =	"1997",
)

@article(
	bgn07,
	title =	"{A}nswer {S}et {B}ased {D}esign of {K}nowledge {S}ystems",
	author =	"Marcello Balduccini and Michael Gelfond and Monica Nogueira",
	journal =	"Annals of Mathematics and Artificial Intelligence",
	pages =	"183--219",
	volume =	"47",
	number =	"1--2",
	year =	"2006",
)

@article(
	bgr05,
	title =	"{P}robabilistic reasoning with answer sets",
	author =	"Chitta Baral and Michael Gelfond and Nelson Rushton",
	journal =	"Journal of Theory and Practice of Logic Programming (TPLP)",
	pages =	"57--144",
	volume =	"9",
	number =	"1",
	year =	"2009",
)

@article(
	bk00,
	title =	"{U}sing {T}emporal {L}ogics to {E}xpress {S}earch {C}ontrol {K}nowledge for {P}lanning",
	author =	"F. Bacchus and F. Kabanza",
	journal =	"Artificial Intelligence",
	pages =	"123--191",
	volume =	"16",
	year =	"2000",
)

@article(
	bk98,
	title =	"{P}lanning for {T}emporally {E}xtended {G}oals",
	author =	"F. Bacchus and F. Kabanza",
	journal =	"Annals of Mathematics and Artificial Intelligence",
	pages =	"5-27",
	volume =	"22",
	number =	"1-2",
	year =	"1998",
)

@article(
	bl13,
	title =	"{I}ntegration {S}chemas for {C}onstraint {A}nswer {S}et {P}rogramming: a {C}ase {S}tudy",
	author =	"Marcello Balduccini and Yuliya Lierler",
	journal =	"Theory and Practice of Logic Programming (TPLP), On-line Supplement",
	month =	"Aug",
	year =	"2013",
)

@article(
	bl16,
	title =	"{C}onstraint {A}nswer {S}et {S}olver {E}{Z}{C}{S}{P} and {W}hy {I}ntegration {S}chemas {M}atter",
	author =	"Marcello Balduccini and Yuliya Lierler",
	journal =	"Journal of Theory and Practice of Logic Programming (TPLP)",
	pages =	"462--515",
	volume =	"17",
	number =	"4",
	year =	"2017",
)

@article(
	bl20,
	title =	"{A}ction-{C}entered {I}nformation {R}etrieval",
	author =	"Marcello Balduccini and Emily LeBlanc",
	journal =	"Journal of Theory and Practice of Logic Programming (TPLP)",
	pages =	"249--272",
	volume =	"20",
	number =	"2",
	month =	"Mar",
	year =	"2020",
)

@article(
	blps02,
	title =	"{R}evising {R}egulatory {N}etworks: {F}rom {E}xpression {D}ata to {L}inear {C}ausal {M}odels",
	author =	"Stephen D. Bay and Pat Langley and A. Pohorille and J. Shrager",
	journal =	"Journal of Biomedical Informatics",
	year =	"2002",
	MYfile =	"BayShragerPohorilleLangley_biomedical-notes.doc",
	MYfile =	"BayShragerPohorilleLangley_biomedical.pdf",
)

@article(
	blum-1,
	title =	"{F}ast {P}lanning {T}hrough {P}lanning {G}raph {A}nalysis",
	author =	"Avrim L. Blum and Merrick L. Furst",
	journal =	"Artificial Intelligence",
	pages =	"281--300",
	volume =	"90",
	year =	"1997",
	MYfile =	"graphplan.ps",
)

@article(
	bmm16b,
	title =	"{C}{A}{S}{P} {S}olutions for {P}lanning in {H}ybrid {D}omains",
	author =	"Marcello Balduccini and Daniele Magazzeni and Marco Maratea and Emily LeBlanc",
	journal =	"Journal of Theory and Practice of Logic Programming (TPLP)",
	pages =	"591--633",
	volume =	"17",
	number =	"4",
	year =	"2017",
)

@article(
	bns04,
	title =	"{L}ogic {P}rograms wirh {O}rdered {D}isjunction",
	author =	"Gerhard Brewka and Ilkka Niemel{\"a} and Tommi Syrj{\"a}nen",
	pages =	"335--357",
	volume =	"20",
	number =	"2",
	year =	"2004",
	MYfile =	"CLOG.ps",
)

@article(
	boutilier-1,
	title =	"{D}ecision-{T}heoretic {P}lanning: {S}tructural {A}ssumptions and {C}omputational {L}everage",
	author =	"Craig Boutilier and T. Dean and Steve Hanks",
	journal =	"Journal of Artificial Intelligence Research",
	pages =	"1--94",
	volume =	"11",
	year =	"1999",
)

@article(
	bpel05,
	title =	"{I}ssues in {P}arallel {E}xecution of {N}on-monotonic {R}easoning {S}ystems",
	author =	"Marcello Balduccini and Enrico Pontelli and Omar El-Khatib and Hung Le",
	journal =	"Parallel Computing",
	publisher =	"Elsevier",
	pages =	"608 - 647",
	volume =	"31",
	number =	"6",
	month =	"Jun",
	year =	"2005",
)

@article(
	bratko-1,
	title =	"{A}pplications of {I}nductive {L}ogic {P}rogramming",
	author =	"I. Bratko and Stephen Muggleton",
	journal =	"Communications of the ACM",
	volume =	"38",
	number =	"11",
	month =	"Nov",
	year =	"1995",
)

@article(
	bratko-2,
	title =	"{A}ttribute-based learning",
	author =	"I. Bratko and B. Cestnik and I. Kononenko",
	journal =	"AI Communications",
	pages =	"27--32",
	volume =	"9",
	year =	"1996",
)

@article(
	bs01,
	title =	"{F}ormalizing sensing actions -- a transition function based approach",
	author =	"Chitta Baral and Tran Cao Son",
	journal =	"Artificial Intelligence Journal",
	pages =	"19--91",
	volume =	"125",
	number =	"1--2",
	month =	"Jan",
	year =	"2001",
	MYfile =	"sense1.ps",
)

@article(
	cab11,
	title =	"{F}unctional {A}nswer {S}et {P}rogramming",
	author =	"Pedro Cabalar",
	journal =	"Journal of Theory and Practice of Logic Programming (TPLP)",
	pages =	"203--234",
	volume =	"11",
	year =	"2011",
	MYfile =	"cab11.pdf",
)

@article(
	calvanese-1,
	title =	"{U}nifying {C}lass-{B}ased {R}epresentation {F}ormalisms",
	author =	"Diego Calvanese and Maurizio Lenzerini and Daniele Nardi",
	journal =	"Journal of Artificial Intelligence Research",
	pages =	"199--240",
	volume =	"11",
	year =	"1999",
	MYflag =	"da stampare",
	MYfile =	"calvanese99a.ps",
)

@article(
	cff96,
	title =	"{A} {S}ystematic {M}ethodology for {C}ognitive {M}odelling",
	author =	"Richard P. Cooper and Jonny Farringdon and John Fox and Tim Shallice",
	journal =	"Artificial Intelligence",
	pages =	"3--44",
	volume =	"85",
	year =	"1996",
	MYfile =	"CooperEtal1996.pdf",
)

@article(
	chitta-1,
	title =	"{R}elating {T}heories of {A}ctions and {R}eactive {C}ontrol",
	author =	"Chitta Baral and Tran Cao Son",
	journal =	"Transactions on Artificial Intelligence",
	pages =	"211--271",
	volume =	"2",
	year =	"1998",
	MYfile =	"cis98009-revise2.ps",
)

@article(
	cms83,
	title =	"{A} {S}imulation {M}odel of {S}tock {E}xchange {T}rading",
	author =	"Kalman J. Cohen and Steven F. Maier and Robert A. Schwartz and David K. Whitcomb",
	journal =	"Simulation: Transactions of the Society for Modeling and Simulation International",
	pages =	"181--191",
	volume =	"41",
	number =	"5",
	year =	"1983",
)

@article(
	cmtm99,
	title =	"{C}omputing with {D}efault {L}ogic",
	author =	"Pawel Cholewinski and Victor W. Marek and Miroslaw Truszczynski and Artur Mikitiuk",
	journal =	"Artificial Intelligence",
	pages =	"105--146",
	volume =	"112",
	number =	"1-2",
	year =	"1999",
)

@article(
	CMUnited-1,
	title =	"{T}he {C}{M}{U}nited-98 {C}hampion {S}imulator {T}eam. (extended version)",
	author =	"Patrick Riley and Peter Stone and Manuela M. Veloso",
	journal =	"RoboCup-98: Robot Soccer World Cup II",
	publisher =	"Springer Verlag, Berlin",
	year =	"1999",
)

@article(
	cn2-1,
	title =	"{T}he {C}{N}2 {I}nduction {A}lgorithm",
	author =	"Peter Clark and Tim Niblett",
	journal =	"Machine Learning Journal",
	pages =	"261--283",
	volume =	"3",
	year =	"1989",
)

@article(
	cow00,
	title =	"{T}he {M}agical {N}umber 4 in {S}hort-{T}erm {M}emory: {A} {R}econsideration of {M}ental {S}torage {C}apacity",
	author =	"Nelson Cowan",
	journal =	"Behavioral and Brain Sciences",
	pages =	"87--185",
	volume =	"24",
	year =	"2000",
	MYfile =	"cow00.pdf",
)

@article(
	cv95,
	title =	"{S}upport-{V}ector {N}etworks",
	author =	"Corinna Cortes and Vladimir N. Vapnik",
	journal =	"Machine Learning",
	volume =	"20",
	number =	"3",
	year =	"1995",
)

@article(
	ddo99,
	title =	"{A} {S}urvery of {R}esearch in {D}istributed, {C}ontinual {P}lanning",
	author =	"Marie E. desJardins and Edmund H. Durfee and Charles L. Ortiz and Michael J. Wolverton",
	journal =	"AI Magazine",
	pages =	"13--22",
	volume =	"20",
	number =	"4",
	year =	"1999",
)

@article(
	dll62,
	title =	"{A} {M}achine {P}rogram for {T}heorem {P}roving",
	author =	"Martin Davis and Geroge Logemann and Donald Loveland",
	journal =	"Communications of the ACM",
	pages =	"394--397",
	volume =	"5",
	number =	"7",
	year =	"1962",
)

@article(
	dmp91,
	title =	"{T}emporal {C}onstraint {N}etworks",
	author =	"R. Dechter and I. Meiri and J. Pearl",
	journal =	"Artificial Intelligence",
	pages =	"61--95",
	volume =	"49",
	year =	"1991",
)

@article(
	dorigo-2,
	title =	"{E}ditorial {I}ntroduction to the {S}pecial {I}ssue on {L}earning {A}utonomous {R}obots",
	author =	"Marco Dorigo",
	journal =	"IEEE Transactions on Systems, Man, and Cybernetics",
	pages =	"361--364",
	volume =	"26",
	number =	"3",
	year =	"1996",
	note =	"part B",
)

@article(
	dp60,
	title =	"{A} {C}omputing {P}rocedure for {Q}uantification {T}heory",
	author =	"Martin Davis and Hillary Putnam",
	journal =	"Communications of the ACM",
	pages =	"201--215",
	volume =	"7",
	year =	"1960",
	MYfile =	"p201-davis.pdf",
)

@article(
	ds98,
	title =	"{A} {F}ramework to incorporate {N}onmonotonic {R}easoning into {C}onstraint {L}ogic {P}rogramming",
	author =	"Jurgen Dix and Frieder Stolzenburg",
	journal =	"Journal of Logic Programming",
	pages =	"47--76",
	volume =	"37",
	number =	"1-3",
	year =	"1998",
	note =	"Special Issue on Constraint Logic Programming",
)

@article(
	dst03,
	title =	"{A} {F}ramework for {C}ompiling {P}references in {L}ogic {P}rograms",
	author =	"James P. Delgrande and Torsten Schaub and Hans Tompits",
	journal =	"Journal of Theory and Practice of Logic Programming (TPLP)",
	pages =	"129--187",
	volume =	"3",
	number =	"2",
	year =	"2003",
	MYfile =	"TPLP02.ps.gz",
)

@article(
	dw87,
	title =	"{D}iagnosing {M}ultiple {F}aults",
	author =	"Johan de Kleer and Brian C. Williams",
	journal =	"Artificial Intelligence",
	pages =	"97--130",
	volume =	"32",
	number =	"1",
	year =	"1987",
)

@article(
	eflp03,
	title =	"{A}nswer {S}et {P}lanning under {A}ction {C}osts",
	author =	"Thomas Eiter and Wolfgang Faber and Nicola Leone and Gerard Pfeifer and Axel Polleres",
	journal =	"Journal of Artificial Intelligence Research",
	pages =	"25--71",
	volume =	"19",
	year =	"2003",
)

@article(
	fgt03b,
	title =	" {I}ntelligent execution monitoring in dynamic environments",
	author =	"Matthias Fichtner and Axel Grossmann and Michael Thielscher",
	journal =	"Fundamenta Informaticae",
	volume =	"57",
	number =	"2-4",
	year =	"2003",
	MYfile =	"Grossmann-FI03.pdf",
)

@article(
	fh00,
	title =	"{A} {C}omparative {S}tudy of {E}ight {C}onstraint {P}rogramming {L}anguages {O}ver the {B}oolean and {F}inite {D}omains",
	author =	"Antonio J. Fernandez and Patricia M. Hill",
	journal =	"Constraints",
	pages =	"275--301",
	volume =	"5",
	number =	"3",
	month =	"Jul",
	year =	"2000",
)

@article(
	fl06,
	title =	"{M}odelling {M}ixed {D}iscrete-{C}ontinuous {D}omains for {P}lanning",
	author =	"Maria Fox and Derek Long",
	journal =	"Journal of Artificial Intelligence Research",
	pages =	"235--297",
	year =	"2006",
)

@article(
	forte-3,
	title =	"{A}utomated {R}efinement of {F}irst-{O}rder {H}orn-{C}lause {D}omain {T}heories",
	author =	"Raymond J. Mooney and Bradley L. Richards",
	journal =	"Machine Learning",
	pages =	"95--133",
	volume =	"19",
	year =	"1995",
	MYflag =	"da leggere",
)

@article(
	gb02,
	title =	"{D}iagnostic reasoning with {A}-{P}rolog",
	author =	"Marcello Balduccini and Michael Gelfond",
	journal =	"Journal of Theory and Practice of Logic Programming (TPLP)",
	pages =	"425--461",
	volume =	"3",
	number =	"4--5",
	month =	"Jul",
	year =	"2003",
)

@article(
	gelfond-1,
	title =	"{A}ction {L}anguages",
	author =	"Michael Gelfond and Vladimir Lifschitz",
	journal =	"Electronic Transactions on AI",
	volume =	"3",
	number =	"16",
	year =	"1998",
	MYfile =	"act-languages.pdf",
)

@article(
	gelfond-2,
	title =	"{L}ogic {P}rogramming and {R}easoning with {I}ncomplete {I}nformation",
	author =	"Michael Gelfond",
	pages =	"89--116",
	volume =	"12",
	year =	"1994",
	MYfile =	"annals.ps",
)

@article(
	gkk11b,
	title =	"{P}otassco: {T}he {P}otsdam {A}nswer {S}et {S}olving {C}ollection",
	author =	"Martin Gebser and Roland Kaminski and Benjamin Kaufmann and Max Ostrowski and Torsten Schaub and Marius Thomas Schneider",
	journal =	"AI Communications",
	pages =	"107--124",
	volume =	"24",
	number =	"2",
	month =	"Apr",
	year =	"2011",
)

@article(
	gl02,
	title =	"{K}nowledge {R}epresentation and {L}ogic {P}rogramming",
	author =	"Michael Gelfond and Nicola Leone",
	journal =	"Artificial Intelligence",
	volume =	"138",
	number =	"1--2",
	year =	"2002",
)

@article(
	gl91,
	title =	"{C}lassical {N}egation in {L}ogic {P}rograms and {D}isjunctive {D}atabases",
	author =	"Michael Gelfond and Vladimir Lifschitz",
	journal =	"New Generation Computing",
	pages =	"365-385",
	volume =	"9",
	year =	"1991",
	MYfile =	"gl91.pdf",
)

@article(
	gl93,
	title =	"{R}epresenting {A}ction and {C}hange by {L}ogic {P}rograms",
	author =	"Michael Gelfond and Vladimir Lifschitz",
	journal =	"Journal of Logic Programming",
	pages =	"301--321",
	volume =	"17",
	number =	"2--4",
	year =	"1993",
)

@article(
	gl98,
	title =	"{A}ction languages",
	author =	"Michael Gelfond and Vladimir Lifschitz",
	journal =	"Electronic Transactions on AI",
	pages =	"193--210",
	volume =	"3",
	number =	"16",
	year =	"1998",
)

@article(
	gllm04,
	title =	"{N}onmonotonic causal theories",
	author =	"Enrico Giunchiglia and Joohyung Lee and Vladimir Lifschitz and Norman McCain and Hudson Turner",
	journal =	"Artificial Intelligence",
	pages =	"105--140",
	volume =	"153",
	year =	"2004",
)

@article(
	glm08,
	title =	"{O}n the {R}elation {A}mong {A}nswer {S}et {S}olvers",
	author =	"Enrico Giunchiglia and Nicola Leone and Marco Maratea",
	journal =	"Annals of Mathematics and Artificial Intelligence",
	pages =	"169--204",
	volume =	"53",
	number =	"1--4",
	year =	"2008",
)

@article(
	glml03,
	title =	"{N}onmonotonic causal theories",
	author =	"Hudson Turner and Vladimir Lifschitz and Norman McCain and Joohyung Lee and Enrico Giunchiglia",
	journal =	"Artificial Intelligence",
	year =	"2003",
)

@article(
	gms11,
	title =	"{S}leep {L}oss and {D}river {P}erformance: {Q}uantitative {P}redictions with {Z}ero {F}ree {P}arameters",
	author =	"Glenn Gunzelmann and L. Richard Moore Jr. and Dario D. Salvucci and Kevin A. Gluck",
	journal =	"Cognitive Systems Research",
	pages =	"154--163",
	volume =	"12",
	year =	"2011",
	MYfile =	"Gunzelmann-CSR11.pdf",
)

@article(
	gs14,
	title =	"{E}vent {G}raphs for {I}nformation {R}etrieval and {M}ulti-{D}ocument {S}ummarization",
	author =	"Goran Glavas and Jan Snajder",
	journal =	"Expert Systems with Applications",
	publisher =	"Elsevier",
	pages =	"6904--6916",
	volume =	"41",
	number =	"15",
	year =	"2014",
)

@article(
	gw03,
	title =	"{N}on-monotonic {L}ogic",
	author =	"Michael Gelfond and Richard Watson",
	journal =	"Encyclopedia of Cognitive Science",
	year =	"2003",
	MYfile =	"paper62.ps",
)

@article(
	hel99,
	title =	"{U}sing {L}ogic {P}rograms with {S}table {M}odel {S}emantics to {S}olve {D}eadlock and {R}eachability {P}roblems for 1-{S}afe {{P}}etri {N}ets",
	author =	"K. Heljanko",
	journal =	"Fundamenta Informaticae",
	pages =	"247-268",
	volume =	"37",
	number =	"3",
	year =	"1999",
)

@article(
	hin07,
	title =	"{L}earning {M}ultiple {L}ayers of {R}epresentation",
	author =	"Geoffrey Hinton",
	journal =	"Trends in Cognitive Sciences",
	pages =	"428--434",
	volume =	"11",
	year =	"2007",
)

@article(
	hm98,
	title =	"{A} {P}arallel {I}nference {S}ystem",
	author =	"S. Harabagiu and D. Moldovan",
	journal =	"IEEE Transactions on Parallel and Distributed Systems",
	pages =	"729--747",
	month =	"Aug",
	year =	"1998",
)

@article(
	ino94,
	title =	"{H}ypothetical reasoning in logic programs",
	author =	"Katsumi Inoue",
	journal =	"Journal of Logic Programming",
	pages =	"191--227",
	volume =	"18",
	number =	"3",
	year =	"1994",
)

@article(
	is00,
	title =	"{A}bductive logic programming and disjunctive logic programming: their relationship and transferability",
	author =	"Katsumi Inoue and Chiaki Sakama",
	journal =	"Journal of Logic Programming",
	pages =	"75-100",
	volume =	"44",
	year =	"2000",
	MYfile =	"sakama99abductive.pdf",
)

@article(
	iti-1,
	title =	"{D}ecision {T}ree {I}nduction {B}ased on {E}fficient {T}ree {R}estructuring",
	author =	"Neil C. Berkman and Jeffrey A. Clouse and Paul E. Utgoff",
	journal =	"Machine Learning",
	pages =	"1--42",
	volume =	"29",
	month =	"Jan",
	year =	"1997",
)

@article(
	izb18,
	title =	"{A}n {A}{S}{P} {M}ethodology for {U}nderstanding {N}arratives about {S}tereotypical {A}ctivities",
	author =	"Daniela Inclezan and Qinglin Zhang and Marcello Balduccini and Ankush Israney",
	journal =	"Journal of Theory and Practice of Logic Programming (TPLP)",
	year =	"2018",
)

@article(
	jop99,
	title =	"{T}heory of {P}artial-{O}rder {P}rogramming",
	author =	"Mauricio Osorio and Bharat Jayaraman and David A. Plaisted",
	journal =	"Science of Computer Programming",
	pages =	"207--238",
	volume =	"34",
	number =	"3",
	year =	"1999",
)

@article(
	jot09,
	title =	"{M}odularity {A}spects of {D}isjunctive {S}table {M}odels",
	author =	"Tomi Janhunen and Emilia Oikarinen and Hans Tompits and Stefan Woltran",
	journal =	"Journal of Artificial Intelligence Research",
	pages =	"813--857",
	volume =	"35",
	month =	"Aug",
	year =	"2009",
)

@article(
	kam97,
	title =	"{A} note on the stable model semantics of logic programs",
	author =	"M. Kaminski",
	journal =	"Artificial Intelligence",
	pages =	"467--479",
	volume =	"96",
	number =	"2",
	year =	"1997",
)

@article(
	kambhampati-1,
	title =	"{P}lanning as refinement search: a unified framework for evaluating design tradeoffs in partial-order planning",
	author =	"Subbarao Kambhampati and Craig A. Knoblock and Qiang Yang",
	journal =	"Artificial Intelligence",
	pages =	"167--238",
	volume =	"76",
	year =	"1995",
)

@article(
	km97,
	title =	"{A} simple declarative language for describing narratives with actions",
	author =	"Antonis C. Kakas and Rob Miller",
	journal =	"Journal of Logic Programming",
	pages =	"157--200",
	volume =	"31",
	year =	"1997",
)

@article(
	kma13,
	title =	"{G}oal-{D}riven {A}utonomy for {R}esponding to {U}nexpected {E}vents in {S}trategy {S}imulations",
	author =	"Matthew Klenk and Matthew Molineaux and David W. Aha",
	journal =	"Computational Intelligence",
	pages =	"187--206",
	year =	"2013",
)

@article(
	kowalski-1,
	title =	"{U}sing meta-logic to reconcile reactive with rational agents",
	author =	"Robert A. Kowalski",
	journal =	"Meta-logic and Logic Programming",
	pages =	"227--242",
	month =	"Jan",
	year =	"1995",
)

@article(
	kpj13,
	title =	"{D}ynamic {M}ission {P}lanning for {C}ommunication {C}ontrol in {M}ultiple {U}nmanned {A}ircraft {T}eams",
	author =	"Andrew N. Kopeikin and Sameera S. Ponda and Luke B. Johnson and Jonathan P. How",
	journal =	"Unmanned Systems",
	publisher =	"World Scientific Publishing Company",
	pages =	"41--58",
	volume =	"1",
	number =	"1",
	year =	"2013",
)

@article(
	ks86,
	title =	"{A} {L}ogic-{B}ased {C}alculus of {E}vents",
	author =	"Robert A. Kowalski and M. Sergot",
	journal =	"New Generation Computing",
	pages =	"319--340",
	volume =	"4",
	number =	"4",
	year =	"1986",
)

@article(
	ks99,
	title =	"{F}rom logic programming towards multi-agent systems",
	author =	"Robert A. Kowalski and Fariba Sadri",
	journal =	"Annals of Mathematics and Artificial Intelligence",
	pages =	"391-419",
	volume =	"25",
	year =	"1999",
)

@article(
	kube-1,
	title =	"{C}ollective {R}obotics: {F}rom {S}ocial {I}nsects to {R}obots",
	author =	"C. Ronald Kube and Hong Zhang",
	journal =	"Adaptive Behaviour",
	pages =	"189--218",
	volume =	"2",
	number =	"2",
	year =	"1994",
)

@article(
	langley-1,
	title =	"{A}pplications of {M}achine {L}earning and {R}ule {I}nduction",
	author =	"Pat Langley and H. A. Simon",
	journal =	"Communications of the ACM",
	volume =	"38",
	number =	"11",
	month =	"Nov",
	year =	"1995",
)

@article(
	learning-planning-1,
	title =	"{O}n {P}lanning while {L}earning",
	author =	"S. Safra and M. Tennenholtz",
	journal =	"Journal of Artificial Intelligence Research",
	pages =	"111--129",
	volume =	"2",
	year =	"1994",
)

@article(
	leckie-1,
	title =	"{A}n {I}nductive {A}pproach to {L}earning {S}earch {C}ontrol {R}ules for {P}lanning",
	author =	"Christopher Leckie and Ingrid Zukerman",
	journal =	"Artificial Intelligence",
	pages =	"63--98",
	volume =	"101",
	month =	"May",
	year =	"1998",
)

@article(
	lif02,
	title =	"{A}nswer set programming and plan generation",
	author =	"Vladimir Lifschitz",
	journal =	"Artificial Intelligence",
	pages =	"39--54",
	volume =	"138",
	year =	"2002",
)

@article(
	lif97,
	title =	"{T}wo components of an action language",
	author =	"Vladimir Lifschitz",
	journal =	"Annals of Mathematics and Artificial Intelligence",
	pages =	"305--320",
	volume =	"21",
	year =	"1997",
)

@article(
	lif97b,
	title =	"{O}n the logic of causal explanation",
	author =	"Vladimir Lifschitz",
	journal =	"Artificial Intelligence",
	pages =	"451--465",
	volume =	"96",
	year =	"1997",
)

@article(
	lnr87,
	title =	"{S}{O}{A}{R}: {A}n {A}rchitecture for {G}eneral {I}ntelligence",
	author =	"John E. Laird and Allen Newell and Paul S. Rosenbloom",
	journal =	"Artificial Intelligence",
	pages =	"1--64",
	volume =	"33",
	year =	"1987",
)

@article(
	lpf06,
	title =	"{T}he {D}{L}{V} {S}ystem for {K}nowledge {R}epresentation and {R}easoning",
	author =	"Nicola Leone and Gerard Pfeifer and Wolfgang Faber and Thomas Eiter and Georg Gottlob and Simona Perri and Francesco Scarcello",
	journal =	"ACM Transactions on Computational Logic",
	pages =	"499--562",
	volume =	"7",
	number =	"3",
	year =	"2006",
)

@article(
	lrb15,
	title =	"{L}earning {W}eak {C}onstraints in {A}nswer {S}et {P}rogramming",
	author =	"Mark Law and Alessandra Russo and Krysia Broda",
	journal =	"Journal of Theory and Practice of Logic Programming (TPLP)",
	pages =	"511-525",
	volume =	"15",
	number =	"4--5",
	year =	"2015",
)

@article(
	lrls97,
	title =	"{G}{O}{L}{O}{G}: {A} logic programming language for dynamic domains",
	author =	"Hector J. Levesque and Raymond Reiter and Fangzhen Lin and Richard Scherl",
	journal =	"Journal of Logic Programming",
	volume =	"31",
	year =	"1997",
)

@article(
	ltt99,
	title =	"{N}ested {E}xpressions in {L}ogic {P}rograms",
	author =	"Vladimir Lifschitz and Lappoon R. Tang and Hudson Turner",
	journal =	"Annals of Mathematics and Artificial Intelligence",
	pages =	"369--389",
	volume =	"25",
	year =	"1999",
)

@article(
	mgz08,
	title =	"{I}ntegrating {A}nswer {S}et {P}rogramming and {C}onstraint {L}ogic {P}rogramming",
	author =	"Veena S. Mellarkod and Michael Gelfond and Yuanlin Zhang",
	journal =	"Annals of Mathematics and Artificial Intelligence",
	year =	"2008",
)

@article(
	michalski-1,
	title =	"{I}ncremental {L}earning of {C}oncept {D}escriptions: {A} {M}ethod and {E}xperimental {R}esults",
	author =	"R. S. Michalski and R. E. Reinke",
	pages =	"263--288",
	volume =	"11",
	year =	"1985",
)

@article(
	mil56,
	title =	"{T}he {M}agical {N}umber {S}even, {P}lus or {M}inus {T}wo: {S}ome {L}imits on {O}ur {C}apacity for {P}rocessing {I}nformation",
	author =	"George A. Miller",
	journal =	"Psychological Review",
	pages =	"81--97",
	volume =	"63",
	year =	"1956",
)

@article(
	mil95,
	title =	"{W}ord{N}et: {A} lexical database for {E}nglish",
	author =	"George A. Miller",
	journal =	"Communications of the ACM",
	pages =	"39--41",
	year =	"1995",
)

@article(
	mit05,
	title =	"{A} {S}{A}{T} {S}olver {P}rimer",
	author =	"David Mitchell",
	journal =	"Bulletin of the EATCS",
	pages =	"112--133",
	volume =	"85",
	year =	"2005",
)

@article(
	mon74,
	title =	"{T}he {P}roper {T}reatment of {Q}uantification in {O}rdinary {E}nglish",
	author =	"Richard Montague",
	journal =	"Formal Philosophy: Selected Papers of Richard Montague",
	publisher =	"Yale University Press, New Haven, Connecticut",
	pages =	"247--270",
	year =	"1974",
)

@article(
	mooney-1,
	title =	"{E}ncouraging {E}xperimental {R}esults on {L}earning {C}{N}{F}",
	author =	"Raymond J. Mooney",
	journal =	"Machine Learning",
	pages =	"79--92",
	volume =	"19",
	year =	"1995",
)

@article(
	moriarty-1,
	title =	"{E}volutionary {A}lgorithms for {R}einforcement {L}earning",
	author =	"John J. Grefenstette and David E. Moriarty and Alan C. Schultz",
	journal =	"Journal of Artificial Intelligence Research",
	pages =	"241--276",
	volume =	"11",
	year =	"1999",
	MYfile =	"moriarty99a.ps",
)

@article(
	mpr13,
	title =	"{M}ulti-{E}ngine {A}{S}{P} {S}olving with {P}olicy {A}daptation",
	author =	"Marco Maratea and Luca Pulina and Francesco Ricca",
	journal =	"Journal of Logic and Computation",
	year =	"2013",
	note =	"(to appear)",
)

@article(
	mr03,
	title =	"{O}n the expressibility of  stable logic programming",
	author =	"Victor W. Marek and Jeffrey B. Remmel",
	journal =	"Journal of Theory and Practice of Logic Programming (TPLP)",
	pages =	"551--567",
	volume =	"3",
	number =	"4--5",
	year =	"2003",
)

@article(
	ms99,
	title =	"{G}{R}{A}{S}{P}: {A} {S}earch {A}lgorithm for {P}ropositional {S}atisfiability",
	author =	"Joao P. Marques-Silva and Karem A. Sakallah",
	journal =	"IEEE Transactions on Computers",
	pages =	"506--521",
	volume =	"48",
	number =	"5",
	year =	"1999",
	MYfile =	"grasp.pdf",
)

@article(
	mt95,
	title =	"{A} causal theory of ramifications and qualifications",
	author =	"Norman McCain and Hudson Turner",
	journal =	"Artificial Intelligence",
	pages =	"57--95",
	volume =	"32",
	year =	"1995",
	MYfile =	"ijcai95.ps",
)

@article(
	mue04,
	title =	"{U}nderstanding script-based stories using commonsense reasoning",
	author =	"Erik T. Mueller",
	journal =	"Cognitive Systems Research",
	pages =	"307-340",
	volume =	"5",
	number =	"4",
	year =	"2004",
)

@article(
	nie99,
	title =	"{L}ogic {P}rograms with {S}table {M}odel {S}emantics as a {C}onstraint {P}rogramming {P}aradigm",
	author =	"Ilkka Niemel{\"a}",
	journal =	"Annals of Mathematics and Artificial Intelligence",
	pages =	"241--27",
	volume =	"25",
	number =	"3--4",
	year =	"1999",
)

@article(
	not06,
	title =	"{S}olving {S}{A}{T} and {S}{A}{T} {M}odule {T}heories: {F}rom an {A}bstract {D}avis-{P}utnam-{L}ongemann-{L}oveland {P}rocedure to {D}{P}{L}{L}({T})",
	author =	"Robert Nieuwenhuis and Albert Oliveras and Cesare Tinelli",
	journal =	"Journal of Artificial Intelligence Research",
	pages =	"937--977",
	volume =	"53",
	number =	"6",
	year =	"2006",
)

@article(
	nss02,
	title =	"{E}xtending and {I}mplementing the {S}table {M}odel {S}emantics",
	author =	"Timo Soininen and Ilkka Niemel{\"a} and Patrik Simons",
	journal =	"Artificial Intelligence",
	pages =	"181--234",
	volume =	"138",
	number =	"1--2",
	year =	"2002",
)

@article(
	olm07,
	title =	"{R}esearch {D}irections in {T}errier: a {S}earch {E}ngine for {A}dvanced {R}etrieval on the {W}eb",
	author =	"Iadh Ounis and Christina Lioma and Craig Macdonald and Vassilis Plachouras",
	journal =	"Novatica/UPGRADE Special Issue on Web Information Access",
	pages =	"49--56",
	volume =	"8",
	number =	"1",
	year =	"2007",
)

@article(
	os12,
	title =	"{A}{S}{P} {M}odulo {C}{S}{P}: {T}he {C}lingcon {S}ystem",
	author =	"Max Ostrowski and Torsten Schaub",
	journal =	"Journal of Theory and Practice of Logic Programming (TPLP)",
	pages =	"485--503",
	volume =	"12",
	number =	"4--5",
	year =	"2012",
)

@article(
	paine-1,
	title =	"{T}he {E}{D}{E}{N}/{P}{O}{P}{B}{E}{A}{S}{T} {A}{I} competition and teaching kit",
	author =	"Jocelyn Paine",
	journal =	"The newsletter of the Association of Logic Programming",
	pages =	"8--9",
	volume =	"6",
	month =	"Feb",
	year =	"1993",
)

@article(
	pal14,
	title =	"{M}ore {R}eliable {F}orecasts with {L}ess {P}recise {C}omputations: a {F}ast-{T}rack {R}oute to {C}loud-{R}esolved {W}eather and {C}limate {S}imulators?",
	author =	"T. N. Palmer",
	journal =	"Philosophical Transactions of the Royal Society",
	volume =	"372",
	number =	"2018",
	month =	"May",
	year =	"2014",
)

@article(
	pk85,
	title =	"{A} quantitative model of the learning and performance of text editing knowledge",
	author =	"David Kieras and Peter G. Polson",
	pages =	"207--212",
	volume =	"16",
	number =	"4",
	month =	"Apr",
	year =	"1985",
)

@article(
	pp90,
	title =	"{W}eakly {S}tratified {L}ogic {P}rograms",
	author =	"Halina Przymusinska and Teodor Przymusinski",
	journal =	"Fundamenta Informaticae",
	pages =	"51--65",
	volume =	"XIII",
	year =	"1990",
	MYfile =	"weaklystr.ps.gz",
)

@article(
	provetti-1,
	title =	"{R}epresenting {A}ctions: {L}aws, {O}bservations and {H}ypotheses",
	author =	"Chitta Baral and Michael Gelfond and Alessandro Provetti",
	journal =	"Journal of Logic Programming",
	pages =	"201--243",
	volume =	"31",
	number =	"1--3",
	year =	"1997",
)

@article(
	pt02,
	title =	"{T}he {C}ommunicative {M}ultiagent {T}eam {D}ecision {P}roblem: {A}nalyzing {T}eamwork {T}heories and {M}odels",
	author =	"David V. Pynadath and Milind Tambe",
	journal =	"Journal of Artificial Intelligence Research",
	pages =	"389--423",
	volume =	"16",
	year =	"2002",
)

@article(
	pt09,
	title =	"{A} {S}elf-{A}daptive {M}ulti-{E}ngine {S}olver for {Q}uantified {B}oolean {F}ormulas",
	author =	"Luca Pulina and Armando Tacchella",
	journal =	"Constraints",
	pages =	"80--116",
	volume =	"14",
	number =	"1",
	year =	"2009",
	MYfile =	"qbf.pdf",
)

@article(
	rdg10,
	title =	"{A} {L}ogic-{B}ased {S}ystem for e-{T}ourism",
	author =	"Francesco Ricca and Antonella Dimasi and Giovanni Grasso and Salvatore Maria Ielpa and Salvatore Iiritano and Marco Manna and Nicola Leone",
	journal =	"Fundamenta Informaticae",
	pages =	"35--55",
	volume =	"105",
	number =	"1--2",
	year =	"2010",
)

@article(
	rei80,
	title =	"{A} {L}ogic for {D}efault {R}easoning",
	author =	"Raymond Reiter",
	journal =	"Artificial Intelligence",
	pages =	"81--132",
	volume =	"13",
	number =	"1--2",
	year =	"1980",
)

@article(
	rei87,
	title =	"{A} theory of diagnosis from first principles",
	author =	"Raymond Reiter",
	journal =	"Artificial Intelligence",
	pages =	"57--95",
	volume =	"32",
	year =	"1987",
)

@article(
	rfl06,
	title =	"{A} {B}ackjumping {T}echnique for {D}isjunctive {L}ogic {P}rogramming",
	author =	"Francesco Ricca and Wolfgang Faber and Nicola Leone",
	journal =	"AI Communications",
	pages =	"155--172",
	volume =	"19",
	number =	"2",
	year =	"2006",
	MYfile =	"backjumping.pdf",
)

@article(
	rintanen-1,
	title =	"{C}onstructing {C}onditional {P}lans by a {T}heorem {P}rover",
	author =	"Jussi Rintanen",
	journal =	"Journal of Artificial Intelligence Research",
	pages =	"323--352",
	volume =	"10",
	year =	"1999",
	MYfile =	"rintanen99a.ps",
)

@article(
	rosati-1,
	title =	"{R}easoning about {M}inimal {B}elief and {N}egation as {F}ailure",
	author =	"Riccardo Rosati",
	journal =	"Journal of Artificial Intelligence Research",
	pages =	"277--300",
	volume =	"11",
	year =	"1999",
	MYflag =	"da stampare",
	MYfile =	"rosati99a.ps",
)

@article(
	rosenschein-1,
	title =	"{A} situated view of representation and control",
	author =	"L. P. Kaelbling and S. J. Rosenschein",
	journal =	"Artificial Intelligence",
	pages =	"149--173",
	volume =	"73",
	year =	"1995",
	MYflag =	"da trovare",
)

@article(
	sacerdoti-1,
	title =	"{P}lanning in a hierarchy of abstraction spaces",
	author =	"E. Sacerdoti",
	journal =	"Artificial Intelligence",
	pages =	"115--135",
	volume =	"5",
	year =	"1974",
	MYflag =	"da trovare",
)

@article(
	sak05,
	title =	"{I}nduction from answer sets in nonmonotonic logic programs",
	author =	"Chiaki Sakama",
	journal =	"ACM Transactions on Computational Logic",
	pages =	"203--231",
	volume =	"6",
	number =	"2",
	month =	"Apr",
	year =	"2005",
	MYfile =	"tocl05.pdf",
)

@article(
	sb18,
	title =	"{A}nswer {S}et {P}lanning in {S}ingle- and {M}ulti-agent {E}nvironments",
	author =	"Tran Cao Son and Marcello Balduccini",
	journal =	"KI - Kunstliche Intelligenz",
	publisher =	"Springer Verlag, Berlin",
	volume =	"32",
	number =	"2--3",
	month =	"Aug",
	year =	"2018",
)

@article(
	sfj00,
	title =	"{B}ridging the gap between planning and scheduling",
	author =	"A. K. Jonsson and J. Frank and D. E. Smith",
	journal =	"Knowledge Engineering Review",
	pages =	"61--94",
	volume =	"15",
	number =	"1",
	year =	"2000",
)

@article(
	sha48,
	title =	"{A} {M}athematical {T}heory of {C}ommunication",
	author =	"Claude E. Shannon",
	journal =	"The Bell System Technical Journal",
	pages =	"379--423; 623--656",
	volume =	"27",
	year =	"1948",
)

@article(
	si00,
	title =	"{P}rioritized {L}ogic {P}rogramming and its {A}pplication to {C}ommonsense {R}easoning",
	author =	"Chiaki Sakama and Katsumi Inoue",
	journal =	"Artificial Intelligence",
	pages =	"185-222",
	volume =	"123",
	year =	"2000",
	MYfile =	"aij00.ps.gz",
)

@article(
	sp04,
	title =	"{R}easoning about {A}ctions and {P}lanning with {P}references {U}sing {P}rioritized {D}efault {T}heory",
	author =	"Enrico Pontelli and Tran Cao Son",
	journal =	"Computational Intelligence",
	pages =	"358-404",
	volume =	"20",
	number =	"2",
	year =	"2004",
	MYfile =	"ci-sub.pdf",
)

@article(
	sutton-1,
	title =	"{G}eneralization in reinforcement learning: {S}uccessful examples using sparse coarse coding",
	author =	"Richard S. Sutton",
	journal =	"Advances in Neural Information Processing Systems 8",
	publisher =	"MIT Press",
	pages =	"1038--1044",
	year =	"1996",
)

@article(
	taylor-1,
	title =	"{S}ensor-based manipulation planning as a game with nature",
	author =	"K. Goldberg and M. Mason and R. Taylor",
	journal =	"Robotics Research",
	year =	"1987",
	MYflag =	"da trovare",
)

@article(
	tcm12,
	title =	"{U}sing {A}rgumentation to {R}eason about {T}rust and {B}elief",
	author =	"Yuqing Tang and Kai Cai and Peter McBurney and Elizabeth Sklar and Simon Parsons",
	journal =	"Journal of Logic and Computation",
	pages =	"979--1018",
	volume =	"22",
	number =	"5",
	year =	"2012",
)

@article(
	thi97,
	title =	"{R}amification and causality",
	author =	"Michael Thielscher",
	journal =	"Artificial Intelligence",
	pages =	"317--364",
	volume =	"89",
	year =	"1997",
)

@article(
	thi97b,
	title =	"{A} theory of dynamic diagnosis",
	author =	"Michael Thielscher",
	journal =	"Linkoping Electronic Articles in Computer and Information Science",
	volume =	"2",
	number =	"11",
	year =	"1997",
)

@article(
	thi98,
	title =	"{I}ntroduction to {F}luent {C}alculus",
	author =	"Michael Thielscher",
	journal =	"Linkoping Electronic Articles in Computer and Information Science",
	volume =	"3",
	number =	"14",
	year =	"1998",
)

@article(
	tur01,
	title =	"{O}rder-consistent programs are cautiously monotonic",
	author =	"Hudson Turner",
	journal =	"Journal of Theory and Practice of Logic Programming (TPLP)",
	pages =	"487--495",
	volume =	"1",
	number =	"4",
	year =	"2001",
)

@article(
	tur39,
	title =	"{S}ystems of logic based on ordinals",
	author =	"Alan M. Turing",
	journal =	"Proceedings of the London Mathematical Society. Second Series",
	pages =	"161--228",
	volume =	"45",
	year =	"1939",
)

@article(
	tur97,
	title =	"{R}eprenting {A}ctions in {L}ogic {P}rograms and {D}efault {T}heories: {A} {S}ituation {C}alculus {A}pproach",
	author =	"Hudson Turner",
	journal =	"Journal of Logic Programming",
	pages =	"245-298",
	volume =	"31",
	number =	"1-3",
	month =	"Jun",
	year =	"1997",
)

@article(
	vrs91,
	title =	"{T}he {W}ell-{F}ounded {S}emantics for {G}eneral {L}ogic {P}rograms",
	author =	"John S. Schlipf and Kenneth A. Ross and Allen Van Gelder",
	journal =	"Journal of the Association for Computing Machinery",
	pages =	"620--650",
	volume =	"38",
	number =	"3",
	year =	"1991",
	MYfile =	"vrs91.pdf",
)

@article(
	vsk10,
	title =	"{G}raph {K}ernels",
	author =	"S.V.N. Vishwanathan and Nicol N. Schraudolph and Risi Kondor and Karsten M. Borgwardt",
	journal =	"Journal of Machine Learning Research",
	pages =	"1201--1242",
	volume =	"11",
	year =	"2010",
)

@article(
	xhh08,
	title =	"{S}{A}{T}zilla: {P}ortfolio-based {A}lgorithm {S}election for {S}{A}{T}",
	author =	"Kevin Leyton-Brown and Holger H. Hoos and Frank Hutter and Lin Xu",
	journal =	"Journal of Artificial Intelligence Research",
	pages =	"565--606",
	volume =	"32",
	year =	"2008",
	MYfile =	"satzilla.pdf",
)

@article(
	zb17,
	title =	"“{I}nformation {W}arfare” and {O}nline {N}ews {C}ommenting: {A}nalyzing {F}orces of {S}ocial {I}nfluence {T}hrough {L}ocation-{B}ased {C}ommenting {U}ser {T}ypology",
	author =	"Asta Zelenkauskaite and Marcello Balduccini",
	journal =	"Social Media + Society",
	pages =	"1--13",
	volume =	"3",
	number =	"3",
	year =	"2017",
)

@article(
	zha93,
	title =	"{S}{A}{T}{O}: {A} decision procedure for propositional logic",
	author =	"Hantao Zhang",
	journal =	"Association for Automated Reasoning Newsletter",
	volume =	"22",
	number =	"1--3",
	month =	"Mar",
	year =	"1993",
)

@article(
	zho12,
	title =	"{T}he language features and architecture of {B}-{P}rolog",
	author =	"Neng-Fa Zhou",
	journal =	"Journal of Theory and Practice of Logic Programming (TPLP)",
	pages =	"189--218",
	volume =	"12",
	number =	"1--2",
	month =	"Jan",
	year =	"2012",
)

@inbook(
	abw88,
	chapter =	"{T}owards a theory of declarative knowledge",
	author =	"K. Apt and A. Blair and A. Walker",
	title =	"{F}oundations of deductive databases and logic programming",
	year =	"1988",
	publisher =	"Morgan Kaufmann",
	pages =	"89--148",
)

@inbook(
	bal12,
	chapter =	"3. {A} ``{C}onservative'' {A}pproach to {E}xtending {A}nswer {S}et {P}rogramming with {N}on-{H}erbrand {F}unctions",
	author =	"Marcello Balduccini",
	title =	"{C}orrect {R}easoning: {E}ssays on {L}ogic-{B}ased {A}{I} in {H}onour of {V}ladimir {L}ifschitz",
	month =	"Jun",
	year =	"2012",
	editor =	"Esra Erdem and Joohyung Lee and Yuliya Lierler and David Pearce",
	publisher =	"Springer Verlag, Berlin",
	series =	"Lecture Notes in Artificial Intelligence (LNCS)",
	pages =	"23--39",
)

@inbook(
	bb06,
	chapter =	"20. {K}nowledge {R}epresentation and {Q}uestion {A}nswering",
	author =	"Marcello Balduccini and Chitta Baral and Yuliya Lierler",
	title =	"{H}andbook of {K}nowledge {R}epresentation",
	month =	"Dec",
	year =	"2007",
	publisher =	"Elsevier",
	series =	"Foundations of Artificial Intelligence",
)

@inbook(
	bg05b,
	chapter =	"{L}ogic {P}rogramming and {R}easoning about {A}ctions",
	author =	"Chitta Baral and Michael Gelfond",
	title =	"{H}andbook of {T}emporal {R}easoning in {A}rtificial {I}ntelligence",
	year =	"2005",
	editor =	"M. Fisher and D. Gabbay and L. Vila",
	publisher =	"Elsevier",
	pages =	"389--426",
)

@inbook(
	bg11,
	chapter =	"{A}{S}{P} as a {C}ognitive {M}odeling {T}ool: {S}hort-{T}erm {M}emory and {L}ong-{T}erm {M}emory",
	author =	"Marcello Balduccini and Sara Girotto",
	title =	"{L}ogic {P}rogramming, {K}nowledge {R}epresentation,  and {N}onmonotonic  {R}easoning: {E}ssays {D}edicated to {M}ichael {G}elfond on the {O}ccasion of {H}is 65th {B}irthday",
	year =	"2011",
	editor =	"Marcello Balduccini and Tran Cao Son",
	publisher =	"Springer Verlag, Berlin",
	series =	"Lecture Notes in Artificial Intelligence (LNCS)",
	pages =	"377--397",
	number =	"6565",
)

@inbook(
	bk96,
	chapter =	"{U}sing {T}emporal {L}ogic to {C}ontrol {S}earch in a {F}orward {C}haining {P}lanner",
	author =	"F. Bacchus and F. Kabanza",
	pages =	"141--153",
)

@inbook(
	cw11,
	chapter =	"{A} {N}ew {I}ncarnation of {A}ction {L}anguage {H}",
	author =	"Sandeep Chintabathina and Richard Watson",
	title =	"{L}ogic {P}rogramming, {K}nowledge {R}epresentation,  and {N}onmonotonic  {R}easoning: {E}ssays {D}edicated to {M}ichael {G}elfond on the {O}ccasion of {H}is 65th {B}irthday",
	year =	"2011",
	editor =	"Marcello Balduccini and Tran Cao Son",
	publisher =	"Springer Verlag, Berlin",
	series =	"Lecture Notes in Artificial Intelligence (LNCS)",
	pages =	"560--575",
)

@inbook(
	dfp11,
	chapter =	"{P}erspectives on {L}ogic-based {A}pproaches for {R}easoning",
	author =	"Agostino Dovier and Andrea Formisano and Enrico Pontelli",
	title =	"{L}ogic {P}rogramming, {K}nowledge {R}epresentation,  and {N}onmonotonic  {R}easoning: {E}ssays {D}edicated to {M}ichael {G}elfond on the {O}ccasion of {H}is 65th {B}irthday",
	year =	"2011",
	editor =	"Marcello Balduccini and Tran Cao Son",
	publisher =	"Springer Verlag, Berlin",
	series =	"Lecture Notes in Artificial Intelligence (LNCS)",
	pages =	"259--279",
)

@inbook(
	ds85,
	chapter =	"{A} {Q}ualitative {P}hysics {B}ased on {C}onfluences",
	author =	"Johan de Kleer and John Seely Brown",
	title =	"{F}ormal {T}heories of the {C}ommonsense {W}orld",
	year =	"1985",
	editor =	"Jerry Hobbs and Robert C. Moore",
)

@inbook(
	gks07,
	chapter =	"2. {S}atisfiability {S}olvers",
	author =	"Carla P. Gomes and Henry Kautz and Ashish Sabharwal",
	title =	"{H}andbook of {K}nowledge {R}epresentation",
	month =	"Dec",
	year =	"2007",
	publisher =	"Elsevier",
	series =	"Foundations of Artificial Intelligence",
	pages =	"89--134",
)

@inbook(
	gr10,
	chapter =	"19. {C}ausal and {P}robabilistic {R}easoning in {P}-log",
	author =	"Michael Gelfond and Nelson Rushton",
	title =	"{H}euristics, {P}robabilities and {C}ausality. {A} tribute to {J}udea {P}earl",
	year =	"2010",
	editor =	"R. Dechter and Hector Geffner and Joseph Y. Halpern",
	publisher =	"College Publications",
	pages =	"337--359",
	MYfile =	"gr10.pdf",
)

@inbook(
	kkt98,
	chapter =	"{T}he role of abduction in logic programming",
	author =	"Antonis C. Kakas and Robert A. Kowalski and F. Toni",
	title =	"{H}andbook of {L}ogic in {A}rtificial {I}ntelligence and {L}ogic {P}rogramming",
	year =	"1998",
	publisher =	"Oxford University Press",
	pages =	"235-324",
	MYfile =	"kakas98role.p",
)

@inbook(
	kv06,
	chapter =	"6. {G}lobal {C}onstraints",
	author =	"Irit Katriel and Willem-Jan van Hoeve",
	title =	"{H}andbook of {C}onstraint {P}rogramming",
	year =	"2006",
	editor =	"Francesca Rossi and Francesca Rossi and Peter van Beek and Peter van Beek and Tobi Walsh and Tobi Walsh",
	publisher =	"Elsevier",
	series =	"Foundations of Artificial Intelligence",
	pages =	"169--208",
)

@inbook(
	lesperance-1,
	chapter =	"{A} {S}ituation {C}alculus {A}pproach to {M}odeling and {P}rogramming {A}gents",
	author =	"Yves Lesperance and Hector J. Levesque and Raymond Reiter",
	title =	"{F}oundations of {R}ational {A}gency",
	year =	"1999",
	editor =	"Anand S. Rao and Michael Wooldridge",
	pages =	"275--299",
	MYflag =	"da leggere",
	MYflag =	"da stampare",
	MYfile =	"FTRA.ps",
)

@inbook(
	lif99,
	chapter =	"{A}ction {L}anguages, {A}nswer {S}ets, and {P}lanning",
	author =	"Vladimir Lifschitz",
	title =	"{T}he {L}ogic {P}rogramming {P}aradigm: a 25-{Y}ear {P}erspective",
	year =	"1999",
	publisher =	"Springer Verlag, Berlin",
	pages =	"357--373",
)

@inbook(
	msw06,
	chapter =	"12. {C}onstraint {L}ogic {P}rogramming",
	author =	"Kim Marriott and Peter J. Stuckey and Mark Wallace",
	title =	"{H}andbook of {C}onstraint {P}rogramming",
	year =	"2006",
	editor =	"Francesca Rossi and Francesca Rossi and Peter van Beek and Peter van Beek and Tobi Walsh and Tobi Walsh",
	publisher =	"Elsevier",
	series =	"Foundations of Artificial Intelligence",
	pages =	"409--452",
)

@inbook(
	mt99,
	chapter =	"{S}table {M}odels and an {A}lternative {L}ogic {P}rogramming {P}aradigm",
	author =	"Victor W. Marek and Miroslaw Truszczynski",
	title =	"{T}he {L}ogic {P}rogramming {P}aradigm: a 25-{Y}ear {P}erspective",
	year =	"1999",
	publisher =	"Springer Verlag, Berlin",
	pages =	"375--398",
)

@inbook(
	ns00,
	chapter =	"{E}xtending the {S}models {S}ystem with {C}ardinality and {W}eight {C}onstraints",
	author =	"Ilkka Niemel{\"a} and Patrik Simons",
	title =	"{L}ogic-{B}ased {A}rtificial {I}ntelligence",
	year =	"2000",
	editor =	"Jack Minker",
	publisher =	"Kluwer Academic Publishers",
	pages =	"491--521",
)

@inbook(
	rei78,
	chapter =	"{O}n {C}losed {W}orld {D}ata {B}ases",
	author =	"Raymond Reiter",
	title =	"{L}ogic and {D}ata {B}ases",
	year =	"1978",
	publisher =	"Plenum Press",
	pages =	"119-140",
)

@inbook(
	rmb11,
	chapter =	"{C}lassifying {H}ost {A}nomalies: {U}sing {O}ntology in {I}nformation {S}ecurity {M}onitoring",
	author =	"Suja Ramachandran and R.S. Mundada and A.K. Bhattacharjee and C.S.R.C. Murthy and R. Sharma",
	title =	"{C}yber {S}ecurity, {C}yber {C}rime and {C}yber {F}orensics",
	year =	"2011",
	pages =	"70--86",
)

@inbook(
	russell-2,
	chapter =	"4. {M}achine {L}earning",
	author =	"Stuart J. Russell",
	title =	"{H}andbook of {P}erception and {C}ognition",
	year =	"1996",
	volume =	"14",
)

@inbook(
	smi06,
	chapter =	"11. {M}odelling",
	author =	"Barbara M. Smith",
	title =	"{H}andbook of {C}onstraint {P}rogramming",
	year =	"2006",
	editor =	"Francesca Rossi and Francesca Rossi and Peter van Beek and Peter van Beek and Tobi Walsh and Tobi Walsh",
	publisher =	"Elsevier",
	series =	"Foundations of Artificial Intelligence",
	pages =	"377--406",
)

@inbook(
	vhj18,
	chapter =	"{M}aking {S}ense of {C}ybersecurity in {E}merging {T}echnology {A}reas",
	author =	"Claire Vishik and Michael Huth and Lawrence John and Marcello Balduccini",
	title =	"{T}he {O}xford {H}andbook of {C}yber {S}ecurity",
	year =	"2018",
	editor =	"Paul Cornish",
	publisher =	"Oxford University Press",
	note =	"(to appear)",
)

@incollection(
	bg09,
	title =	"{T}he {A}utonomous {A}gent {A}rchitecture",
	author =	"Marcello Balduccini and Michael Gelfond",
	booktitle =	"Newsletter of the Association of Logic Programming",
	month =	"Mar",
	year =	"2010",
	volume =	"23",
)

@incollection(
	McCHay69,
	title =	"{S}ome {P}hilosophical {P}roblems from the {S}tandpoint of {A}rtificial {I}ntelligence",
	author =	"Patrick J. Hayes and John McCarthy",
	booktitle =	"Machine Intelligence 4",
	year =	"1969",
	editor =	"B. Meltzer and D. Michie",
	publisher =	"Edinburgh University Press",
	pages =	"463--502",
	MYfile =	"mcchay69.ps",
)

@phdthesis(
	bal05,
	title =	"{A}nswer {S}et {B}ased {D}esign of {H}ighly {A}utonomous, {R}ational {A}gents",
	author =	"Marcello Balduccini",
	school =	"Texas Tech University",
	month =	"Dec",
	year =	"2005",
)

@phdthesis(
	ber93,
	title =	"{F}ault {D}iagnosis and {A}bductive {L}ogic {P}rogramming",
	author =	"Bruno Bertolino",
	school =	"Universita' degli Studi di Pisa",
	month =	"Mar",
	year =	"1993",
)

@phdthesis(
	fin87,
	title =	"{E}xploiting {C}onstraints in {D}esign {S}ynthesis",
	author =	"J. J. Finger",
	school =	"Stanford University",
	year =	"1987",
)

@phdthesis(
	lor01,
	title =	"{L}earning non-monotonic logic programs to reason about actions and change",
	author =	"David Lorenzo",
	school =	"Corunna University",
	month =	"Nov",
	year =	"2001",
)

@phdthesis(
	mcc97,
	title =	"{C}ausality in commonsense reasoning about actions",
	author =	"Norman McCain",
	school =	"University of Texas",
	year =	"1997",
)

@phdthesis(
	nog03,
	title =	"{B}uilding {K}nowledge {S}ystems in {A}-{P}rolog",
	author =	"Monica Nogueira",
	school =	"University of Texas at El Paso",
	month =	"May",
	year =	"2003",
)

@phdthesis(
	raf00,
	title =	"{S}patio-{T}emporal {K}nowledge {B}ases in a {C}onstraint {L}ogic {P}rogramming {F}ramework with {M}ultiple {T}heories",
	author =	"A. Raffaeta'",
	school =	"Universita' Degli Studi di Pisa Dipartimento di Informatica",
	year =	"2000",
)

@phdthesis(
	rus02,
	title =	"{L}ogic {F}orms for {W}ord{N}et {G}losses",
	author =	"Vasile Rus",
	school =	"Southern Methodist University",
	month =	"May",
	year =	"2002",
	MYfile =	"rus02.PhDThesis.pdf",
)

@phdthesis(
	sim00,
	title =	"{E}xtending and {I}mplementing the {S}table {M}odel {S}emantics",
	author =	"Patrik Simons",
	school =	"Helsinki University of Technology, Helsinki",
	month =	"Apr",
	year =	"2000",
	note =	"Research Report 58",
)

@phdthesis(
	sou03b,
	title =	"{H}igh-{L}evel {R}obot {P}rogramming in {D}ynamic and {I}ncompletely {K}nown {E}nvironments",
	author =	"Mikhail Soutchanski",
	school =	"University of Toronto",
	year =	"2003",
	MYfile =	"soutchanski-phd-dissertation.pdf",
)

@phdthesis(
	van05,
	title =	"{P}references in {A}nswer {S}et {P}rogramming",
	author =	"Davy Van Nieuwenborgh",
	school =	"Vrije Universiteit Brussel",
	year =	"2005",
	MYfile =	"phd_davy.pdf",
)

@misc(
	abduction-1,
	title =	"{A} {T}ractable {C}lass of {A}bduction {P}roblems",
	author =	"Kave Eshghi",
	year =	"2000",
)

@misc(
	lccWeb,
	title =	"{T}he {L}anguage {C}omputer {C}orporation {W}eb {S}ite, http://www.languagecomputer.com/",
)

@misc(
	mcc98,
	title =	"{E}laboration {T}olerance",
	author =	"John McCarthy",
	year =	"1998",
	MYweb =	"http://www-formal.stanford.edu/jmc/elaboration.html",
)

@misc(
	myers-1,
	title =	"{U}sing {A}dvice to {I}nfluence {P}roblem-{S}olving",
	author =	"Karen L. Myers",
	year =	"2000",
)

@misc(
	pareto,
	title =	"{C}ours d'economie politique professe a l'universite de {L}ausanne",
	author =	"V. Pareto",
	year =	"1896",
)

@misc(
	rcta2011,
	title =	"{A}rmy {R}esearch {L}aboratory's {R}obotics {C}ollaborative {T}echnology {A}lliance ({R}{C}{T}{A}), http://www.arl.army.mil/www/pages/392/rcta.fy11.ann.prog.plan.pdf",
	year =	"2011",
)

@misc(
	robocuprescue2013,
	title =	"{R}obo{C}up {R}escue, http://www.robocuprescue.org",
	year =	"2013",
)

@misc(
	sicstus,
	title =	"{S}icstus {P}rolog {W}eb {S}ite",
	author =	" SICStus",
	year =	"2008",
	note =	"http://www.sics.se/isl/sicstuswww/site/",
)

@misc(
	sicstus-combinatorial-constraints,
	title =	"{S}icstus {P}rolog {C}ombinatorial {C}onstraints",
	author =	" SICStus",
	year =	"2008",
	note =	"http://www.sics.se/sicstus/docs/latest4/html/sicstus.html/Combinatorial-Constraints.html",
)

@misc(
	sicstus-reified-constraints,
	title =	"{S}icstus {P}rolog {R}eified {C}onstraints",
	author =	" SICStus",
	year =	"2008",
	note =	"http://www.sics.se/sicstus/docs/latest4/html/sicstus.html/Reified-Constraints.html\#Reified-Constraints",
)

@manual(
	ns3,
	title =	"{N}{S}-3 {N}etwork {S}imulator {M}anual",
	month =	"Aug",
	year =	"2013",
)

@manual(
	pazzani-2,
	title =	"{I}ntegrating {E}mpirical, {T}heory-{D}riven and {E}xplanation-{B}ased learning: {A} {G}uide to {{O}{C}{C}{A}{M}-{L}{I}{T}{E}}",
	author =	"Michael J. Pazzani",
	year =	"1994",
)

@manual(
	smodels-3,
	title =	"{C}omputing {S}table {M}odels",
	author =	"Patrik Simons",
	month =	"Oct",
	year =	"1996",
	MYfile =	"manual.ps.gz",
)

@inproceedings(
	abm17,
	title =	"{V}irtual {L}aboratory for {L}everaging {T}echnology for {B}ridges and {C}onstructed {S}ystems",
	author =	"Emin Aktan and Ivan Bartoli and Franklin Moon and Marcello Balduccini and Kurt Sjoblom and Antonios Kontsos and Hoda Azari",
	booktitle =	"EVACES 2017: Experimental Vibration Analysis for Civil Structures",
	year =	"2017",
	pages =	"104--117",
)

@inproceedings(
	ambros-1,
	title =	"{I}ntegrating {P}lanning, {E}xecution and {M}onitoring",
	author =	"J. Ambros-Ingerson and S. Steel",
	booktitle =	"Proceedings of the 7th National Conference on Artifical Intelligence",
	year =	"1988",
	pages =	"83--88",
	MYflag =	"da trovare",
)

@inproceedings(
	av12,
	title =	"{T}ransparent {M}ulti-{R}obot {C}ommunication {E}xchange for {E}xecuting {R}obot {B}ehaviors",
	author =	"Carlos Aguero and Manuela M. Veloso",
	booktitle =	"Highlights on Practical Applications of Agents and Multi-Agent Systems - 10th International Conference on Practical Applications of Agents and Multi-Agent Systems (PAAMS 2012)",
	volume =	"156",
	month =	"Apr",
	year =	"2012",
	series =	"Advances in Intelligent and Soft Computing",
	pages =	"215--222",
)

@inproceedings(
	bal04,
	title =	"{U}{S}{A}-{S}mart: {I}mproving the {Q}uality of {P}lans in {A}nswer {S}et {P}lanning",
	author =	"Marcello Balduccini",
	booktitle =	"6th International Symposium on the Practical Aspects of Declarative Languages (PADL'04)",
	volume =	"3057",
	month =	"Jun",
	year =	"2004",
	editor =	"Bharat Jayaraman",
	publisher =	"Springer Verlag, Berlin",
	series =	"Lecture Notes in Artificial Intelligence (LNCS)",
	pages =	"135--147",
)

@inproceedings(
	bal06b,
	title =	"{I}nductive {C}orrections of {A}ction {D}escriptions ({E}xtended {A}bstract)",
	author =	"Marcello Balduccini",
	booktitle =	"Proceedings of the 16th International Conference on Inductive Logic Programming, ILP 06",
	year =	"2006",
)

@inproceedings(
	bal07,
	title =	"{L}earning {A}ction {D}escriptions with {A}-{P}rolog: {A}ction {L}anguage {C}",
	author =	"Marcello Balduccini",
	booktitle =	"Procs of Logical Formalizations of Commonsense Reasoning, 2007 AAAI Spring Symposium",
	month =	"Mar",
	year =	"2007",
	editor =	"Eyal Amir and Vladimir Lifschitz and Rob Miller",
)

@inproceedings(
	bal07b,
	title =	"{C}{R}-{M}{O}{D}{E}{L}{S}: {A}n {I}nference {E}ngine for {C}{R}-{P}rolog",
	author =	"Marcello Balduccini",
	booktitle =	"9th International Conference on Logic  Programming and Nonmonotonic Reasoning (LPNMR07)",
	volume =	"4483",
	month =	"May",
	year =	"2007",
	editor =	"Chitta Baral and Gerhard Brewka and John Schlipf",
	publisher =	"Springer Verlag, Berlin",
	series =	"Lecture Notes in Artificial Intelligence (LNCS)",
	pages =	"18-30",
)

@inproceedings(
	bal07c,
	title =	"{M}odules and {S}ignature {D}eclarations for {A}-{P}rolog: {P}rogress {R}eport",
	author =	"Marcello Balduccini",
	booktitle =	"Software Engineering for Answer Set Programming Workshop (SEA07)",
	month =	"May",
	year =	"2007",
)

@inproceedings(
	bal09,
	title =	"{R}epresenting {C}onstraint {S}atisfaction {P}roblems in {A}nswer {S}et {P}rogramming",
	author =	"Marcello Balduccini",
	booktitle =	"ICLP09 Workshop on Answer Set Programming and Other Computing Paradigms (ASPOCP09)",
	month =	"Jul",
	year =	"2009",
)

@inproceedings(
	bal09b,
	title =	"{S}plitting a {C}{R}-{P}rolog {P}rogram",
	author =	"Marcello Balduccini",
	booktitle =	"10th International Conference on Logic  Programming and Nonmonotonic Reasoning (LPNMR09)",
	volume =	"5753",
	month =	"Sep",
	year =	"2009",
	editor =	"Esra Erdem and Fangzhen Lin and Torsten Schaub",
	publisher =	"Springer Verlag, Berlin",
	series =	"Lecture Notes in Artificial Intelligence (LNCS)",
)

@inproceedings(
	bal09c,
	title =	"{S}olving the {W}ise {M}ountain {M}an {R}iddle with {A}nswer {S}et {P}rogramming",
	author =	"Marcello Balduccini",
	booktitle =	"Ninth International Symposium on Logical Formalizations of Commonsense Reasoning (Commonsense09)",
	year =	"2009",
)

@inproceedings(
	bal09d,
	title =	"{A} {G}eneral {M}ethod {T}o {S}olve {C}omplex {P}roblems {B}y {C}ombining {M}ultiple {A}nswer {S}et {P}rograms",
	author =	"Marcello Balduccini",
	booktitle =	"ICLP09 Workshop on Answer Set Programming and Other Computing Paradigms (ASPOCP09)",
	month =	"Jul",
	year =	"2009",
)

@inproceedings(
	bal09e,
	title =	"{H}ow {F}lexible {I}s {A}nswer {S}et {P}rogramming? {A}n {E}xperiment in {F}ormalizing {C}ommonsense in {A}{S}{P}",
	author =	"Marcello Balduccini",
	booktitle =	"10th International Conference on Logic  Programming and Nonmonotonic Reasoning (LPNMR09)",
	volume =	"5753",
	month =	"Sep",
	year =	"2009",
	editor =	"Esra Erdem and Fangzhen Lin and Torsten Schaub",
	publisher =	"Springer Verlag, Berlin",
	series =	"Lecture Notes in Artificial Intelligence (LNCS)",
)

@inproceedings(
	bal09f,
	title =	"{C}{R}-{P}rolog as a {S}pecification {L}anguage for {C}onstraint {S}atisfaction {P}roblems",
	author =	"Marcello Balduccini",
	booktitle =	"10th International Conference on Logic  Programming and Nonmonotonic Reasoning (LPNMR09)",
	volume =	"5753",
	month =	"Sep",
	year =	"2009",
	editor =	"Esra Erdem and Fangzhen Lin and Torsten Schaub",
	publisher =	"Springer Verlag, Berlin",
	series =	"Lecture Notes in Artificial Intelligence (LNCS)",
)

@inproceedings(
	bal10,
	title =	"{L}earning {D}omain-{S}pecific {H}euristics for {A}nswer {S}et {S}olvers",
	author =	"Marcello Balduccini",
	booktitle =	"Technical Communications of the 26th Int'l. Conference on Logic Programming (ICLP'10)",
	volume =	"7",
	month =	"Jul",
	year =	"2010",
	publisher =	"Schloss Dagstuhl-Leibniz-Zentrum fuer Informatik",
	pages =	"14--23",
)

@inproceedings(
	bal10b,
	title =	"{I}mproving {D}{P}{L}{L} {S}olver {P}erformance with  {D}omain-{S}pecific {H}euristics: the {A}{S}{P} {C}ase",
	author =	"Marcello Balduccini",
	booktitle =	"ICLP10 Workshop on Answer Set Programming and Other Computing Paradigms (ASPOCP10)",
	month =	"Jul",
	year =	"2010",
)

@inproceedings(
	bal11,
	title =	"{I}ndustrial-{S}ize {S}cheduling with {A}{S}{P}+{C}{P}",
	author =	"Marcello Balduccini",
	booktitle =	"11th International Conference on Logic  Programming and Nonmonotonic Reasoning (LPNMR11)",
	volume =	"6645",
	year =	"2011",
	editor =	"James P. Delgrande and Wolfgang Faber",
	publisher =	"Springer Verlag, Berlin",
	series =	"Lecture Notes in Artificial Intelligence (LNCS)",
	pages =	"284--296",
)

@inproceedings(
	bal12b,
	title =	"{A}nswer {S}et {S}olving and {N}on-{H}erbrand {F}unctions",
	author =	"Marcello Balduccini",
	booktitle =	"Proceedings of the 14th International Workshop on Non-Monotonic Reasoning (NMR'2012)",
	month =	"Jun",
	year =	"2012",
	editor =	"Riccardo Rosati and Stefan Woltran",
)

@inproceedings(
	bal12c,
	title =	"{A}n {A}nswer {S}et {S}olver for non-{H}erbrand {P}rograms: {P}rogress {R}eport",
	author =	"Marcello Balduccini",
	booktitle =	"Technical Communications of the 28th Int'l. Conference on Logic Programming (ICLP'12)",
	month =	"Sep",
	year =	"2012",
	editor =	"Vitor Santos Costa and Agostino Dovier",
	publisher =	"Schloss Dagstuhl-Leibniz-Zentrum fuer Informatik",
)

@inproceedings(
	bal13b,
	title =	"{S}ome {R}ecent {A}dvances in {A}nswer {S}et {P}rogramming (from the {P}erspective of {N}{L}{P})",
	author =	"Marcello Balduccini",
	booktitle =	"Natural Language Processing and Automated Reasoning 2013. Proceedings of the 1st Workshop on Natural Language Processing and Automated Reasoning (NLPAR 2013)",
	volume =	"CEUR-WS.org/Vol-1044, urn:nbn:de:0074-1044-7",
	month =	"Sep",
	year =	"2013",
	editor =	"Chitta Baral and Peter Schuller",
	pages =	"1--6",
)

@inproceedings(
	balduccini-1,
	title =	"{A}utonomous semi-reactive agent design based on incremental inductive learning in logic programming",
	author =	"Marcello Balduccini and Gaetano A. Lanzarone",
	booktitle =	"Logical Approaches to Agent Modeling and Design, Proceedings of the ESSLLI'97 Symposium",
	year =	"1997",
	editor =	"Yves Lesperance and Richard Scherl and Wiebe Van der Hoek",
	pages =	"1--12",
)

@inproceedings(
	balduccini-3,
	title =	"{E}xperiments in {A}nswer {S}ets {P}lanning (extended abstract)",
	author =	"Marcello Balduccini and Gianpaolo Brignoli and Gaetano A. Lanzarone and Fabrizio Magni and Alessandro Provetti",
	booktitle =	"Proceedings of MICAI-2000",
	volume =	"1793",
	month =	"Apr",
	year =	"2000",
	publisher =	"Springer Verlag, Berlin",
	series =	"Lecture Notes in Artificial Intelligence (LNCS)",
	MYfile =	"mic72.ps",
)

@inproceedings(
	balduccini-4,
	title =	"{A} {F}ramework for {I}nterleaving {P}lanning-while-{L}earning and {E}xecution",
	author =	"Marcello Balduccini",
	booktitle =	"Proceedings of MICAI-2000",
	volume =	"1793",
	month =	"Apr",
	year =	"2000",
	publisher =	"Springer Verlag, Berlin",
	series =	"Lecture Notes in Artificial Intelligence (LNCS)",
	MYfile =	"mic39.ps",
)

@inproceedings(
	balduccini-6,
	title =	"{A}-{P}rolog as a tool for declarative programming",
	author =	"Marcello Balduccini and Michael Gelfond and Monica Nogueira",
	booktitle =	"Proceedings of the 12th International Conference on Software Engineering and Knowledge Engineering (SEKE'2000)",
	year =	"2000",
	pages =	"63--72",
)

@inproceedings(
	balduccini-7,
	title =	"{A}n {A}-{P}rolog decision support system for the {S}pace {S}huttle",
	author =	"Monica Nogueira and Marcello Balduccini and Michael Gelfond and Richard Watson and Matthew Barry",
	booktitle =	"Answer Set Programming: Towards Efficient and Scalable Knowledge Representation and Reasoning",
	month =	"Mar",
	year =	"2001",
	editor =	"Alessandro Provetti and Tran Cao Son",
	series =	"AAAI 2001 Spring Symposium Series",
)

@inproceedings(
	balduccini-8,
	title =	"{A}n {{A}-{P}}rolog decision support system for the {{S}}pace {{S}}huttle",
	author =	"Monica Nogueira and Marcello Balduccini and Michael Gelfond and Richard Watson and Matthew Barry",
	booktitle =	"3rd International Symposium on the Practical Aspects of Declarative Languages (PADL'01)",
	volume =	"1990",
	year =	"2001",
	editor =	"I. V. Ramakrishnan",
	pages =	"169--183",
)

@inproceedings(
	bbg05,
	title =	"{T}owards an {I}ntegration of {A}nswer {S}et and {C}onstraint {S}olving",
	author =	"Sabrina Baselice and Piero A. Bonatti and Michael Gelfond",
	booktitle =	"Proceedings of ICLP 2005",
	year =	"2005",
)

@inproceedings(
	bbhp99,
	title =	"{R}easoning {W}ith {C}onditional {C}eteris {P}aribus {P}reference {S}tatements",
	author =	"Craig Boutilier and Ronen I. Brafman and Holger H. Hoos and David Poole",
	booktitle =	"Proceedings of the Fifteenth Annual Conference on Uncertainty in Artificial Intelligence (UAI-- 99)",
	year =	"1999",
	MYfile =	"boutilier99reasoning.pdf",
)

@inproceedings(
	bctj04,
	title =	"{A} {K}nowledge {B}ased {A}pproach for {R}epresenting and {R}easoning {A}bout {C}ell {S}ignalling {N}etworks",
	author =	"Chitta Baral and Karen Chancellor and Nam Tran and Anna Joy and Michael Berens",
	booktitle =	"Proceedings of the European Conference on Computational Biology, Supplement on Bioinformatics",
	year =	"2004",
	pages =	"15--22",
)

@inproceedings(
	bd94,
	title =	"{A} {C}haracterization of the {S}table {S}emantics by {P}artial {E}valuation",
	author =	"S. Brass and J. Dix",
	booktitle =	"Proceedings of the 10th Workshop on Logic Programming",
	month =	"Oct",
	year =	"1994",
)

@inproceedings(
	bdfg06,
	title =	"{T}he {S}econd {P}{A}{S}{C}{A}{L} {R}ecognising {T}extual {E}ntailment {C}hallenge",
	author =	"Idan Szpektor and Bernardo Magnini and Danilo Giampiccolo and Lisa Ferro and Bill Dolan and Roy Bar-Haim",
	booktitle =	"Proceedings of the Second PASCAL Challenges Workshop on Recognising Textual Entailment 2006 (RTE-2)",
	year =	"2006",
)

@inproceedings(
	bdt06,
	title =	"{M}acros, {M}acro {C}alls and {U}se of {E}nsembles in {M}odular {A}nswer {S}et {P}rogramming",
	author =	"Chitta Baral and Juraj Dzifcak and Hiro Takahashi",
	booktitle =	"22nd International Conference on Logic Programming (ICLP06)",
	volume =	"4079",
	month =	"Aug",
	year =	"2006",
	editor =	"Sandro Etalle and Miroslaw Truszczynski",
	publisher =	"Springer Verlag, Berlin",
	series =	"Lecture Notes in Artificial Intelligence (LNCS)",
	pages =	"376-390",
)

@inproceedings(
	bdt07,
	title =	"{T}owards {O}vercoming the {K}nowledge {A}cquisition {B}ottleneck in {A}nswer {S}et {P}rolog {A}pplications: {E}mbracing {N}atural {L}anguage {I}nputs",
	author =	"Chitta Baral and Juraj Dzifcak and Luis Ng Tari",
	booktitle =	"23rd International Conference on Logic Programming (ICLP07)",
	year =	"2007",
	pages =	"1--21",
)

@inproceedings(
	bel00,
	title =	"{F}ages' theorem and answer set programming",
	author =	"Yulia Babovich and Esra Erdem and Vladimir Lifschitz",
	booktitle =	"Proceedings of the 8th International Workshop on Non-Monotonic Reasoning (NMR'2000)",
	month =	"Apr",
	year =	"2000",
)

@inproceedings(
	bg00,
	title =	"{R}easoning {A}gents {I}n {D}ynamic {D}omains",
	author =	"Chitta Baral and Michael Gelfond",
	booktitle =	"Workshop on Logic-Based Artificial Intelligence",
	month =	"Jun",
	year =	"2000",
	publisher =	"Kluwer Academic Publishers",
	pages =	"257--279",
)

@inproceedings(
	bg03,
	title =	"{L}ogic {P}rograms with {C}onsistency-{R}estoring {R}ules",
	author =	"Marcello Balduccini and Michael Gelfond",
	booktitle =	"International Symposium on Logical Formalization of Commonsense Reasoning",
	month =	"Mar",
	year =	"2003",
	editor =	"Patrick Doherty and John McCarthy and Mary-Anne Williams",
	series =	"AAAI 2003 Spring Symposium Series",
	pages =	"9--18",
)

@inproceedings(
	bg05,
	title =	"{M}odel-{B}ased {R}easoning for {C}omplex {F}light {S}ystems",
	author =	"Marcello Balduccini and Michael Gelfond",
	booktitle =	"Infotech@Aerospace (American Institute of Aeronautics and Astronautics)",
	month =	"Sep",
	year =	"2005",
)

@inproceedings(
	bg05c,
	title =	"{R}easoning about {I}ntended {A}ctions",
	author =	"Chitta Baral and Michael Gelfond",
	booktitle =	"Proceedings of the 20th National Conference on Artificial Intelligence",
	year =	"2005",
	pages =	"689--694",
)

@inproceedings(
	bg08,
	title =	"{T}he {A}{A}{A} {A}rchitecture: {A}n {O}verview",
	author =	"Marcello Balduccini and Michael Gelfond",
	booktitle =	"AAAI Spring Symposium 2008 on Architectures for Intelligent Theory-Based Agents (AITA08)",
	month =	"Mar",
	year =	"2008",
)

@inproceedings(
	bg10,
	title =	"{F}ormalizing {P}sychological {K}nowledge in {A}nswer {S}et {P}rogramming",
	author =	"Marcello Balduccini and Sara Girotto",
	booktitle =	"Twelfth International Conference on the Principles of Knowledge Representation and Reasoning (KR2010)",
	month =	"May",
	year =	"2010",
)

@inproceedings(
	bg10c,
	title =	"{A}{S}{P} as a {C}ognitive {M}odeling {T}ool: {S}hort-{T}erm {M}emory and {L}ong-{T}erm {M}emory",
	author =	"Marcello Balduccini and Sara Girotto",
	booktitle =	"Symposium on  Constructive Mathematics in Computer Science",
	month =	"Oct",
	year =	"2010",
	editor =	"Marcello Balduccini and Tran Cao Son",
	pages =	"360--381",
)

@inproceedings(
	bg12,
	title =	"{L}anguage {A}{S}{P}{f} with {A}rithmetic {E}xpressions and {C}onsistency-{R}estoring {R}ules",
	author =	"Marcello Balduccini and Michael Gelfond",
	booktitle =	"ICLP12 Workshop on Answer Set Programming and Other Computing Paradigms (ASPOCP12)",
	month =	"Sep",
	year =	"2012",
)

@inproceedings(
	bgb14,
	title =	"{T}owards a {T}heory of {I}ntentional {A}gents",
	author =	"Justin Blount and Michael Gelfond and Marcello Balduccini",
	booktitle =	"AAAI14 Spring Symposium on Knowledge Representation and Reasoning in Robotics",
	year =	"2014",
	series =	"AAAI 2014 Spring Symposium Series",
)

@inproceedings(
	bgb15,
	title =	"{A} {T}heory of {I}ntentions for {I}ntelligent {A}gents",
	author =	"Justin Blount and Michael Gelfond and Marcello Balduccini",
	booktitle =	"13th International Conference on Logic Programming and Nonmonotonic Reasoning",
	year =	"2015",
)

@inproceedings(
	bggs05,
	title =	"{T}extual {I}nference by {C}ombining {M}ultiple {L}ogic {P}rogramming {P}aradigms",
	author =	"Chitta Baral and Michael Gelfond and Gregory Gelfond and Richard Scherl",
	booktitle =	"AAAI'05 Workshop on Inference for Textual Question Answering",
	year =	"2005",
)

@inproceedings(
	bgh18,
	title =	"{O}ntology-{B}ased {R}easoning about the {T}rustworthiness of {C}yber-{P}hysical {S}ystems",
	author =	"Marcello Balduccini and Edward Griffor and Michael Huth and Claire Vishik and Martin Burns and David Wollman",
	booktitle =	"Living in the Internet of Things: Cybersecurity of the IoT",
	year =	"2018",
)

@inproceedings(
	bgh18b,
	title =	"{R}easoning about {S}mart {C}ity",
	author =	"Marcello Balduccini and Edward Griffor and Michael Huth and Claire Vishik and Martin Burns and David Wollman",
	booktitle =	"4th IEEE International Workshop on Sensors and Smart Cities",
	year =	"2018",
)

@inproceedings(
	bgh19,
	title =	"{D}ecision {S}upport for {S}mart {G}rid: {U}sing {R}easoning to {C}ontextualize {C}omplex {D}ecision {M}aking",
	author =	"Marcello Balduccini and Edward Griffor and Michael Huth and Claire Vishik and David Wollman and Patrick Kamongi",
	booktitle =	"7th IEEE Workshop on Modeling and Simulation of Cyber-Physical Energy Systems (MSCPES19)",
	year =	"2019",
)

@inproceedings(
	bgm15,
	title =	"{S}{M}{T}-based {N}onlinear {P}{D}{D}{L}+ {P}lanning",
	author =	"Daniel Bryce and Sicun Gao and David Musliner and Robert Goldman",
	booktitle =	"Proceedings of the Twenty-Ninth AAAI Conference on Artificial Intelligence (AAAI'15)",
	year =	"2015",
	pages =	"3247--3253",
)

@inproceedings(
	bgnw01,
	title =	"{T}he {U}{S}{A}-{A}dvisor: {A} {C}ase {S}tudy in {A}nswer {S}et {P}lanning",
	author =	"Marcello Balduccini and Michael Gelfond and Monica Nogueira and Richard Watson",
	booktitle =	"Proceedings of the 6th International Conference on Logic Programming and Nonmonotonic Reasoning",
	month =	"Sep",
	year =	"2001",
	pages =	"439--442",
)

@inproceedings(
	bgnw02,
	title =	"{P}lanning with the {U}{S}{A}-{A}dvisor",
	author =	"Marcello Balduccini and Michael Gelfond and Monica Nogueira and Richard Watson",
	booktitle =	"3rd NASA International workshop on Planning and Scheduling for Space",
	month =	"Oct",
	year =	"2002",
	editor =	"David Kortenkamp",
)

@inproceedings(
	bgr04,
	title =	"{P}robabilistic {R}easoning with {A}nswer {S}ets",
	author =	"Chitta Baral and Michael Gelfond and Nelson Rushton",
	booktitle =	"Proceedings of LPNMR-7",
	month =	"Jan",
	year =	"2004",
	pages =	"21--33",
)

@inproceedings(
	birk-1,
	title =	"{R}obotic control via stimulus response learning",
	author =	"Andreas Birk",
	booktitle =	"Proceedings of the 6th international symposium on Robotics and Manufacturing",
	year =	"1996",
	MYfile =	"isram96.ps",
)

@inproceedings(
	birk-2,
	title =	"{L}earning to {S}urvive",
	author =	"Andreas Birk",
	booktitle =	"5th European Workshop on Learning Robots",
	year =	"1996",
	MYfile =	"ewlr5.ps",
)

@inproceedings(
	bittencourt-1,
	title =	"{I}n the {Q}uest of the {M}issing {L}ink",
	author =	"Guilherme Bittencourt",
	booktitle =	"Proceedings of the 15th International Conference on Artificial Intelligence",
	year =	"1997",
	publisher =	"Morgan Kaufmann",
)

@inproceedings(
	bks06,
	title =	"{I}ssues and {C}hallenges of {K}nowledge {R}epresentation and {R}easoning {M}ethods in {S}ituation {A}ssessment ({L}evel 2 {F}usion)",
	author =	"Enrique H. Ruspini and Daniel D. Corkill and Gerald M. Powell and Subrata Das and Mieczyslaw M. Kokar and John Salerno and Ivan Kadar and Erik Blasch",
	booktitle =	"Proc. SPIE 6235, Signal Processing, Sensor Fusion, and Target Recognition XV",
	year =	"2006",
	MYfile =	"bks06.pdf",
)

@inproceedings(
	bks15,
	title =	"{O}ntology-{D}riven {D}ata {S}emantics {D}iscovery for {C}yber-{S}ecurity",
	author =	"Marcello Balduccini and Sarah Kushner and Jacquelin Speck",
	booktitle =	"PADL'15: Practical Aspects of Declarative Languages",
	month =	"Jun",
	year =	"2015",
	editor =	"Enrico Pontelli and Tran Cao Son",
)

@inproceedings(
	bl11,
	title =	"{A}{S}{P}-{B}ased {P}roblem {S}olving with {C}utting-{E}dge {T}ools",
	author =	"Marcello Balduccini and Yuliya Lierler",
	booktitle =	"ICLP11 Workshop on Answer Set Programming and Other Computing Paradigms (ASPOCP11)",
	month =	"Jul",
	year =	"2011",
	pages =	"14--28",
)

@inproceedings(
	bl12,
	title =	"{P}ractical and {M}ethodological {A}spects of the {U}se of {C}utting-{E}dge {A}{S}{P} {T}ools",
	author =	"Marcello Balduccini and Yuliya Lierler",
	booktitle =	"Fourteenth International Symposium on Practical Aspects of Declarative Languages (PADL 2012)",
	number =	"7149",
	month =	"Jan",
	year =	"2012",
	editor =	"Claudio Russo and Neng-Fa Zhou",
	publisher =	"Springer Verlag, Berlin",
	series =	"Lecture Notes in Artificial Intelligence (LNCS)",
	pages =	"78--92",
)

@inproceedings(
	bl13b,
	title =	"{H}ybrid {A}utomated {R}easoning {T}ools: from {B}lack-box to {C}lear-box {I}ntegration",
	author =	"Marcello Balduccini and Yuliya Lierler",
	booktitle =	"ICLP13 Workshop on Answer Set Programming and Other Computing Paradigms (ASPOCP13)",
	month =	"Aug",
	year =	"2013",
	editor =	"Michael Fink and Yuliya Lierler",
)

@inproceedings(
	bl17,
	title =	"{I}nformation {R}etrieval with {A}ctions and {C}hange: an {A}{S}{P}-{B}ased {S}olution",
	author =	"Marcello Balduccini and Emily LeBlanc",
	booktitle =	"1st International Workshop on Practical Aspects of Answer Set Programming (PAoASP 2017)",
	year =	"2017",
)

@inproceedings(
	bl97,
	title =	"{D}efeasible specifications in action theories",
	author =	"Chitta Baral and Jorge Lobo",
	booktitle =	"Proceedings of IJCAI-97",
	year =	"1997",
	pages =	"1441--1446",
)

@inproceedings(
	blr14,
	title =	"{T}owards a {C}ontent-{B}ased {M}aterial {S}cience {D}iscovery {N}etwork",
	author =	"Marcello Balduccini and Emily LeBlanc and William C. Regli",
	booktitle =	"2014 AAAI Workshop for Discovery Informatics",
	year =	"2014",
)

@inproceedings(
	blr97,
	title =	"{A}dding {W}eak {C}onstraints to {D}isjunctive {D}atalog",
	author =	"Francesco Buccafurri and Nicola Leone and Pasquale Rullo",
	booktitle =	"Proceedings of the 1997 Joint Conference on Declarative Programming APPIA-GULP-PRODE'97",
	year =	"1997",
)

@inproceedings(
	blr97b,
	title =	"{S}trong and {W}eak {C}onstraints in {D}isjunctive {D}atalog",
	author =	"Francesco Buccafurri and Nicola Leone and Pasquale Rullo",
	booktitle =	"Proceedings of the 4th International Conference on Logic Programming and Non-Monotonic Reasoning (LPNMR'97)",
	volume =	"1265",
	year =	"1997",
	series =	"Lecture Notes in Artificial Intelligence (LNCS)",
	pages =	"2--17",
)

@inproceedings(
	bls02,
	title =	"{R}evising engineering models: {C}ombining computational discovery with knowledge",
	author =	"Stephen D. Bay and Pat Langley and Daniel G. Shapiro",
	booktitle =	"Proceedings of the 13th European Conference on Machine Learning",
	year =	"2002",
	pages =	"10--22",
	MYfile =	"BayShapiroangley_ISSpower-notes.doc",
	MYfile =	"BayShapiroangley_ISSpower.pdf",
)

@inproceedings(
	bls13,
	title =	"{P}rolog and {A}{S}{P} {I}nference {U}nder {O}ne {R}oof",
	author =	"Marcello Balduccini and Yuliya Lierler and Peter Schuller",
	booktitle =	"12th International Conference on Logic Programming and Nonmonotonic Reasoning",
	month =	"Sep",
	year =	"2013",
	editor =	"Pedro Cabalar and Tran Cao Son",
)

@inproceedings(
	bm03,
	title =	"{C}{R}-{P}rolog2: {C}{R}-{P}rolog with {O}rdered {D}isjunction",
	author =	"Marcello Balduccini and Veena S. Mellarkod",
	booktitle =	"ASP03 Answer Set Programming: Advances in Theory and Implementation",
	volume =	"78",
	month =	"Sep",
	year =	"2003",
	series =	"CEUR Workshop proceedings",
)

@inproceedings(
	bm04,
	title =	"{A}-{P}rolog with {C}{R}-{R}ules and {O}rdered {D}isjunction",
	author =	"Marcello Balduccini and Veena S. Mellarkod",
	booktitle =	"ICISIP'04",
	month =	"Jan",
	year =	"2004",
	pages =	"1--6",
)

@inproceedings(
	bm04b,
	title =	"{C}{R}-{P}rolog with {O}rdered {D}isjunction",
	author =	"Marcello Balduccini and Veena S. Mellarkod",
	booktitle =	"International Workshop on Non-Monotonic Reasoning, NMR2004",
	month =	"Jun",
	year =	"2004",
)

@inproceedings(
	bm15,
	title =	"{A}ction {L}anguages and the {M}itigation of {M}alware",
	author =	"Marcello Balduccini and Spiros Mancoridis",
	booktitle =	"The First Workshop on Action Languages, Process Modeling, and Policy Reasoning (ALPP 2015)",
	year =	"2015",
)

@inproceedings(
	bmm16,
	title =	"{A} {C}{A}{S}{P}-{B}ased {A}pproach to {P}{D}{D}{L}+ {P}lanning",
	author =	"Marcello Balduccini and Daniele Magazzeni and Marco Maratea",
	booktitle =	"Constraint Satisfaction techniques for planning and Scheduling (COPLAS16)",
	year =	"2016",
)

@inproceedings(
	bmm16c,
	title =	"{P}{D}{D}{L}+ {P}lanning via {C}onstraint {A}nswer {S}et {P}rogramming",
	author =	"Marcello Balduccini and Daniele Magazzeni and Marco Maratea",
	booktitle =	"ICLP16 Workshop on Answer Set Programming and Other Computing Paradigms (ASPOCP16)",
	year =	"2016",
	editor =	"Bart Bogaerts",
)

@inproceedings(
	bms00,
	title =	"{F}ormulating diagnostic problem solving using an action language with narratives and sensing",
	author =	"Chitta Baral and Sheila A. McIlraith and Tran Cao Son",
	booktitle =	"Proceedings of the 2000 KR Conference",
	year =	"2000",
	pages =	"311-322",
)

@inproceedings(
	bnr14,
	title =	"{A}n {A}{S}{P}-{B}ased {A}rchitecture for {A}utonomous {U}{A}{V}s in {D}ynamic {E}nvironments: {P}rogress {R}eport",
	author =	"Marcello Balduccini and William C. Regli and Duc N. Nguyen",
	booktitle =	"Proceedings of the 15th International Workshop on Non-Monotonic Reasoning (NMR 2014)",
	year =	"2014",
	editor =	"Sebastien Konieczny and Hans Tompits",
)

@inproceedings(
	bnr14b,
	title =	"{C}oordinating {U}{A}{V}s in {D}ynamic {E}nvironments by {N}etwork-{A}ware {M}ission {P}lanning",
	author =	"Marcello Balduccini and Duc N. Nguyen and William C. Regli",
	booktitle =	"IEEE Military Communications Conference (MILCOM) 2014 Proceedings",
	month =	"Oct",
	year =	"2014",
)

@inproceedings(
	bns02,
	title =	"{I}mplementing {O}rdered {D}isjunction {U}sing {A}nswer {S}et {S}olvers for {N}ormal {P}rograms",
	author =	"Gerhard Brewka and Ilkka Niemel{\"a} and Tommi Syrj{\"a}nen",
	booktitle =	"Proceedings of the 8th European Conference on Artificial Intelligence (JELIA 2002)",
	month =	"Sep",
	year =	"2002",
	editor =	"Sergio Flesca and Giovanbattista Ianni",
	publisher =	"Springer Verlag, Berlin",
	MYfile =	"priority.ps",
)

@inproceedings(
	bre02,
	title =	"{L}ogic programming with ordered disjunction",
	author =	"Gerhard Brewka",
	booktitle =	"Proceedings of AAAI-02",
	year =	"2002",
)

@inproceedings(
	brn14,
	title =	"{T}owards an {A}{S}{P}-{B}ased {A}rchitecture for {A}utonomous {U}{A}{V}s in {D}ynamic {E}nvironments ({E}xtended {A}bstract)",
	author =	"Marcello Balduccini and William C. Regli and Duc N. Nguyen",
	booktitle =	"30th International Conference on Logic Programming (ICLP14)",
	year =	"2014",
)

@inproceedings(
	bt01,
	title =	"{E}ffect of knowledge representation on model based planning: experiments using logic programming encodings",
	author =	"Chitta Baral and Le-Chi Tuan",
	booktitle =	"Proceedings of 2001 AAAI Spring Symposium on Answer Set Programming",
	year =	"2001",
	pages =	"110--115",
)

@inproceedings(
	bttz04,
	title =	" {R}egression {W}ith {R}espect to {S}ensing {A}ctions and {P}artial {S}tates",
	author =	"Chitta Baral and Tran Cao Son and Le-Chi Tuan and Xin Zhang",
	booktitle =	"Proceedings of AAAI-04",
	year =	"2004",
	MYfile =	"aaai04-sensing.pdf",
)

@inproceedings(
	buo15,
	title =	"{P}lanning in {R}{T}{S} {G}ames with {I}ncomplete {A}ction {D}efinitions via {A}nswer {S}et {P}rogramming",
	author =	"Marcello Balduccini and Alberto Uriarte and Santiago Ontanon",
	booktitle =	"The AIIDE 2015 Workshop on AI in Adversarial Real-Time Games (AI-RTG)",
	year =	"2015",
)

@inproceedings(
	bv18,
	title =	"{B}uilding {B}locks in {S}tandards: {I}mproving {C}onsistency in {S}tandardization with {O}ntology and {R}easoning",
	author =	"Marcello Balduccini and Claire Vishik",
	booktitle =	"SSR 2018: Security Standardisation Research",
	year =	"2018",
)

@inproceedings(
	bw99,
	title =	"{R}easoning about actions for spacecraft redundancy management",
	author =	"Matthew Barry and Richard Watson",
	booktitle =	"Proceedings of the 1999 IEEE Aerospace Conference",
	volume =	"5",
	year =	"1999",
	pages =	"101--112",
)

@inproceedings(
	canal-1,
	title =	"{C}onformance and {R}efinement of {B}ehavior in pi-calculus",
	author =	"Carlos Canal and Ernesto Pimentel and Jose M. Troya",
	booktitle =	"Second International Workshop on Component-based Software Development in Computational Logic",
	month =	"Sep",
	year =	"1999",
	MYflag =	"da stampare",
	MYfile =	"canal.ps",
)

@inproceedings(
	cci10,
	title =	"{E}nhancing {A}{S}{P} by {F}unctions: {D}ecidable {C}lasses and {I}mplementation {T}echniques",
	author =	"Francesco Calimeri and Susanna Cozza and Giovanbattista Ianni and Nicola Leone",
	booktitle =	"Proceedings of the Twenty-Fourth Conference on Artificial Intelligence",
	year =	"2010",
	pages =	"1666--1670",
	MYfile =	"Enhancing ASP by Functions.pdf",
)

@inproceedings(
	cco97,
	title =	"{A}n {O}pen-{E}nded {F}inite {D}omain {C}onstraint {S}olver",
	author =	"Mats Carlsson and Greger Ottosson and Bjorn Carlson",
	booktitle =	"Programming Languages: Implementations, Logics, and Programming",
	volume =	"1292",
	year =	"1997",
	publisher =	"Springer Verlag, Berlin",
	series =	"Lecture Notes in Artificial Intelligence (LNCS)",
)

@inproceedings(
	cfgk01,
	title =	"{B}enefits of {B}ounded {M}odel {C}hecking at an  {I}ndustrial {S}etting",
	author =	"F. Copty and L. Fix and Enrico Giunchiglia and G. Kamhi and A. Tacchella and M. Vardi",
	booktitle =	"Proceedings of CAV'01",
	year =	"2001",
	series =	"Lecture Notes in Artificial Intelligence (LNCS)",
)

@inproceedings(
	cflp02,
	title =	"{P}runing {O}perators for {A}nswer {S}et {P}rogramming {S}ystems",
	author =	"Francesco Calimeri and Wolfgang Faber and Nicola Leone and Gerard Pfeifer",
	booktitle =	"Proceedings of the 9th International Workshop on Non-Monotonic Reasoning (NMR'2002)",
	month =	"Apr",
	year =	"2002",
	pages =	"200--209",
)

@inproceedings(
	cfm16,
	title =	"{A} {C}ompilation of the {F}ull {P}{D}{D}{L}+ {L}anguage into {S}{M}{T}",
	author =	"Michael Cashmore and Maria Fox and Daniele Magazzeni",
	booktitle =	"Proceedings of the 26th International Conference on Automated Planning and Scheduling (ICAPS-16)",
	year =	"2016",
)

@inproceedings(
	cgw05,
	title =	"{M}odeling {H}ybrid {D}omains {U}sing {P}rocess {D}escription {L}anguage",
	author =	"Sandeep Chintabathina and Michael Gelfond and Richard Watson",
	booktitle =	"Proceedings of ASP '05 -- Answer Set Programming: Advances in Theory and Implementation",
	year =	"2005",
	pages =	"303--317",
)

@inproceedings(
	chi12,
	title =	"{P}lanning and {S}cheduling in {H}ybrid {D}omains {U}sing {A}nswer {S}et {P}rogramming",
	author =	"Sandeep Chintabathina",
	booktitle =	"ICLP12 Workshop on Answer Set Programming and Other Computing Paradigms (ASPOCP12)",
	month =	"Sep",
	year =	"2012",
)

@inproceedings(
	chiu-1,
	title =	"{A} {C}omparison of {F}irst-{O}rder and {Z}eroth-{O}rder {I}nduction for {I}nput-{O}utput {A}gent {M}odelling",
	author =	"Bark Cheung Chiu and Mark Kuzmycz and Geoffrey I. Webb",
	booktitle =	"User Modeling: Proceedings of the Sixth International Conference, UM97",
	year =	"1997",
	MYweb =	"http://um.org",
)

@inproceedings(
	chmm03,
	title =	"{C}{O}{G}{E}{X}: {A} {L}ogic {P}rover for {Q}uestion {A}nswering",
	author =	"Christine Clark and S. Harabagiu and Steve Maiorano and D. Moldovan",
	booktitle =	"Proc. of HLT-NAACL",
	year =	"2003",
	pages =	"87--93",
	MYfile =	"03hlt_cogex.pdf",
)

@inproceedings(
	ciampolini-1,
	title =	"{T}he {D}ynamic {C}omposition of {A}bductive {A}gents in {A}{L}{I}{A}{S}",
	author =	"Anna Ciampolini and Evelina Lamma and Paola Mello and Paolo Torroni",
	booktitle =	"Second International Workshop on Component-based Software Development in Computational Logic",
	month =	"Sep",
	year =	"1999",
	MYflag =	"da stampare",
	MYfile =	"ciampolini.ps",
)

@inproceedings(
	ciip04,
	title =	"{A} {S}ystem with {T}emplate {A}nswer {S}et {P}rograms",
	author =	"Francesco Calimeri and Giovanbattista Ianni and Giuseppe Ielpa and Adriana Pietramala and Maria Carmela Santoro",
	booktitle =	"JELIA 2004",
	year =	"2004",
)

@inproceedings(
	cl06,
	title =	"{A} {U}nified {C}ognitive {A}rchitecture for {P}hysical {A}gents",
	author =	"Dongkyu Choi and Pat Langley",
	booktitle =	"Proceedings of the 21th National Conference on Artificial Intelligence (AAAI'06)",
	year =	"2006",
	MYfile =	"icarus.aaai06-notes.doc",
	MYfile =	"icarus.aaai06.pdf",
)

@inproceedings(
	cmk15,
	title =	"{S}ystem {C}all-based {D}etection of {M}alicious {P}rocesses",
	author =	"Spiros Mancoridis and Raymond Canzanese and Moshe Kam",
	booktitle =	"Proceedings of the 2015 International Conference on Software Quality Reliability and Security (QRS '15)",
	year =	"2015",
)

@inproceedings(
	cmt96,
	title =	"{D}efault {R}easoning {S}ystem {D}e{R}e{S}",
	author =	"Pawel Cholewinski and Victor W. Marek and Miroslaw Truszczynski",
	booktitle =	"International Conference on Principles of Knowledge Representation and Reasoning",
	year =	"1996",
	publisher =	"Morgan Kaufmann",
	pages =	"518--528",
)

@inproceedings(
	cn2-2,
	title =	"{R}ule {I}nduction with {C}{N}2: {S}ome {R}ecent {I}mprovements",
	author =	"Robin Boswell and Peter Clark",
	booktitle =	"Machine Learning - Proceedings of the fifth European Conference",
	year =	"1991",
	editor =	"Yves Kodratoff",
	publisher =	"Morgan Kaufmann",
	pages =	"151--163",
)

@inproceedings(
	costantini-1,
	title =	"{T}owards {A}ctive {L}ogic {P}rogramming",
	author =	"Stefania Costantini",
	booktitle =	"Second International Workshop on Component-based Software Development in Computational Logic",
	month =	"Sep",
	year =	"1999",
	pages =	"247--257",
	MYfile =	"costantini.ps",
)

@inproceedings(
	cv12,
	title =	"{O}ptimizing for transfers in a multi-vehicle collection and delivery problem",
	author =	"Brian Coltin and Manuela M. Veloso",
	booktitle =	"Proceedings of the 11th International Symposium on Distributed Autonomous Robotic Systems (DARS'12)",
	month =	"Nov",
	year =	"2012",
)

@inproceedings(
	dbq20,
	title =	"{C}omputationally {G}rounded {Q}uantitative {T}rust with {T}ime",
	author =	"Nagat Drawel and Jamal Bentahar and Hongyang Qu",
	booktitle =	"Proceedings of the 19th International Conference on Autonomous Agents and MultiAgent Systems (AAMAS 2020)",
	year =	"2020",
	pages =	"1837--1839",
)

@inproceedings(
	dean-1,
	title =	"{C}oping with {U}ncertainty in a {C}ontrol {S}ystem for {N}avigation and {E}xploration",
	author =	"K. Basye and R. Chekaluk and T. Dean and S. Hyun and M. Lejter and M. Randazza",
	booktitle =	"Proceedings of the 8th National Conference on Artifical Intelligence",
	year =	"1990",
	pages =	"1010--1015",
	MYflag =	"da trovare",
)

@inproceedings(
	defp03,
	title =	"{M}onitoring {A}gents using {D}eclarative {P}lanning",
	author =	"Jurgen Dix and Thomas Eiter and Michael Fink and Axel Polleres and Yingqian Zhang",
	booktitle =	"Proceedings of the 26th German Conference on Artificial Intelligence (KI 2003)",
	month =	"Sep",
	year =	"2003",
	publisher =	"Springer Verlag, Berlin",
	series =	"Lecture Notes in Artificial Intelligence (LNCS)",
	MYfile =	"KI03.pdf",
)

@inproceedings(
	dfil03,
	title =	"{A}ggregate {F}unctions in {D}isjunctive {L}ogic {P}rogramming: {S}emantics, {C}omplexity, and {I}mplementation in {D}{L}{V}",
	author =	"Tina Dell'Armi and Wolfgang Faber and Giuseppe Ielpa and Nicola Leone and Gerard Pfeifer",
	booktitle =	"Proceedings of the 18th International Joint Conference on Artificial Intelligence (IJCAI 03)",
	month =	"Aug",
	year =	"2003",
	publisher =	"Morgan Kaufmann",
)

@inproceedings(
	dgh09,
	title =	"{A} {G}eneral {A}pproach to the {V}erification of {C}ryptographic {P}rotocols {U}sing {A}nswer {S}et {P}rogramming",
	author =	"James P. Delgrande and Torsten Grote and Aaron Hunter",
	booktitle =	"10th International Conference on Logic  Programming and Nonmonotonic Reasoning (LPNMR09)",
	volume =	"5753",
	month =	"Sep",
	year =	"2009",
	editor =	"Esra Erdem and Fangzhen Lin and Torsten Schaub",
	publisher =	"Springer Verlag, Berlin",
	series =	"Lecture Notes in Artificial Intelligence (LNCS)",
	pages =	"355--367",
)

@inproceedings(
	dkn97,
	title =	"{E}ncoding planning problems in nonmonotonic logic programs",
	author =	"Yannis Dimopoulos and J. Koehler and B. Nebel",
	booktitle =	"Proceedings of the 4th European Conference on Planning",
	volume =	"1348",
	year =	"1997",
	series =	"Lecture Notes in Artificial Intelligence (LNCS)",
	pages =	"169--181",
)

@inproceedings(
	dlv02,
	title =	"{T}he {D}{L}{V} {S}ystem",
	author =	"Francesco Calimeri and Tina Dell'Armi and Thomas Eiter and Wolfgang Faber and Georg Gottlob and Giovanbattista Ianni and Giuseppe Ielpa and Christoph Koch and Nicola Leone and Simona Perri and Gerard Pfeifer and Axel Polleres",
	booktitle =	"Proceedings of the 8th European Conference on Artificial Intelligence (JELIA 2002)",
	month =	"Sep",
	year =	"2002",
	editor =	"Sergio Flesca and Giovanbattista Ianni",
	publisher =	"Springer Verlag, Berlin",
	pages =	"537--540",
)

@inproceedings(
	donald-1,
	title =	"{E}rror {D}etection and {R}ecovery in {R}obotics",
	author =	"B. Donald",
)

@inproceedings(
	dorigo-1,
	title =	"{T}he {R}ole of the {T}rainer in {R}einforcement {L}earning",
	author =	"Marco Colombetti and Marco Dorigo",
	booktitle =	"Proceedings of MLC-COLT '94 Workshop on Robot Learning",
	month =	"Jul",
	year =	"1994",
	pages =	"37--45",
)

@inproceedings(
	dvb09,
	title =	"{T}he {S}econd {A}nswer {S}et {P}rogramming {C}ompetition",
	author =	"Marc Denecker and Joost Vennekens and Stephen Bond and Martin Gebser and Miroslaw Truszczynski",
	booktitle =	"10th International Conference on Logic  Programming and Nonmonotonic Reasoning (LPNMR09)",
	volume =	"5753",
	month =	"Sep",
	year =	"2009",
	editor =	"Esra Erdem and Fangzhen Lin and Torsten Schaub",
	publisher =	"Springer Verlag, Berlin",
	series =	"Lecture Notes in Artificial Intelligence (LNCS)",
	pages =	"637--654",
)

@inproceedings(
	eef04b,
	title =	"{P}lan {R}eversals for {R}ecovery in {E}xecution {M}onitoring",
	author =	"Thomas Eiter and Esra Erdem and Wolfgang Faber",
	booktitle =	"Proceedings 10th Internation Workshop on Nonmonotonic Reasoning (NMR 2004), Action and Causality Track",
	month =	"Jun",
	year =	"2004",
	pages =	"147--154",
)

@inproceedings(
	efs05,
	title =	"{K}{M}onitor - {A} {T}ool for {M}onitoring {P}lan {E}xecution in {A}ction {T}heories",
	author =	"Thomas Eiter and Michael Fink and Jan Senko",
	booktitle =	"Proceedings of LPNMR-05",
	year =	"2005",
	pages =	"416-421",
)

@inproceedings(
	eg93,
	title =	"{C}omplexity {R}esults for {D}isjunctive {L}ogic {P}rogramming and {A}pplication to {N}onmonotonic {L}ogics",
	author =	"Thomas Eiter and Georg Gottlob",
	booktitle =	"Proceedings of the Tenth International Logic Programming Symposium (ILPS-93)",
	year =	"1993",
	publisher =	"MIT Press",
	pages =	"266--278",
	MYfile =	"eg93.pdf",
)

@inproceedings(
	egv97,
	title =	"{M}odular {L}ogic {P}rogramming and {G}eneralized {Q}uantifiers",
	author =	"Thomas Eiter and Georg Gottlob and Helmuth Veith",
	booktitle =	"Proceedings of the 4th International Conference on Logic Programming and Non-Monotonic Reasoning (LPNMR'97)",
	volume =	"1265",
	year =	"1997",
	series =	"Lecture Notes in Artificial Intelligence (LNCS)",
	pages =	"290-309",
)

@inproceedings(
	el01,
	title =	"{T}ransitive closure, answer sets and predicate completion",
	author =	"Esra Erdem and Vladimir Lifschitz",
	booktitle =	"Working Notes of AAAI Spring Symposium",
	year =	"2001",
	pages =	"60-65",
)

@inproceedings(
	el04,
	title =	"{D}efinitions in answer set programming",
	author =	"Selim Erdogan and Vladimir Lifschitz",
	booktitle =	"Proceedings of LPNMR-7",
	month =	"Jan",
	year =	"2004",
)

@inproceedings(
	emde-1,
	title =	"{A}n {I}nference {E}ngine for {R}epresenting {M}ultiple {T}heories",
	author =	"Werner Emde",
	booktitle =	"Knowledge Representation and Organization in Machine Learning",
	volume =	"347",
	year =	"1989",
	editor =	"Katharina Morik",
	publisher =	"Springer Verlag, Berlin",
	series =	"Lecture Notes in Artificial Intelligence (LNCS)",
	pages =	"148--176",
)

@inproceedings(
	ep01,
	title =	"{C}onstruction and {O}ptimization of a {P}arallel {E}ngine for {A}nswer {S}et {P}rogramming",
	author =	"Omar El-Khatib and Enrico Pontelli",
	booktitle =	"3rd International Symposium on the Practical Aspects of Declarative Languages (PADL'01)",
	volume =	"1990",
	year =	"2001",
	editor =	"I. V. Ramakrishnan",
	pages =	"288-303",
)

@inproceedings(
	eps15,
	title =	"{D}iagnostic {R}easoning for {R}obotics {U}sing {A}ction {L}anguages",
	author =	"Esra Erdem and Volkan Patoglu and Zeynep Gozen Saribatur",
	booktitle =	"13th International Conference on Logic Programming and Nonmonotonic Reasoning",
	year =	"2015",
	pages =	"317--331",
)

@inproceedings(
	esra-1,
	title =	"{A}pplication of {L}ogic {P}rogramming to {P}lanning: {C}omputational {E}xperiments",
	author =	"Esra Erdem",
	booktitle =	"Proceedings of the 5th International Conference on Logic Programming and Non-monotonic Reasoning (LPNMR-99)",
	number =	"1730",
	year =	"1999",
	publisher =	"Springer Verlag, Berlin",
	series =	"Lecture Notes in Artificial Intelligence (LNCS)",
)

@inproceedings(
	et00,
	title =	"dcs: {A}n implementation of {D}{A}{T}{A}{L}{O}{G} with {C}onstraints",
	author =	"Deborah East and Miroslaw Truszczynski",
	booktitle =	"Proceedings of the 8th International Workshop on Non-Monotonic Reasoning (NMR'2000)",
	month =	"Apr",
	year =	"2000",
)

@inproceedings(
	et01,
	title =	"{P}ropositional satisfiability in answer-set programming",
	author =	"Deborah East and Miroslaw Truszczynski",
	booktitle =	"Proceedings of KI-2001",
	volume =	"2174",
	year =	"2001",
	publisher =	"Springer Verlag, Berlin",
	series =	"Lecture Notes in Artificial Intelligence (LNCS)",
)

@inproceedings(
	ey09,
	title =	"{T}ransforming {C}ontrolled {N}atural {L}anguage {B}iomedical {Q}ueries into {A}nswer {S}et {P}rograms",
	author =	"Esra Erdem and Reyyan Yeniterzi",
	booktitle =	"Proceedings of the Workshop on BioNLP",
	month =	"Jun",
	year =	"2009",
	pages =	"117--124",
	MYfile =	"W09-1315.pdf",
)

@inproceedings(
	eye08,
	title =	"{I}nternational {S}ummer {S}chool on {N}etwork and {S}ervice {M}anagement",
	author =	"Frank Eyermann",
	booktitle =	"International Summer School on Network and Service Management",
	year =	"2008",
)

@inproceedings(
	fe09,
	title =	"{F}ormalizing {I}nformation {S}ecurity {K}nowledge",
	author =	"Stefan Fenz and Andreas Ekelhart",
	booktitle =	"Proceedings of the 4th International Symposium on Information, Computer, and   Communications Security (ASIACCS'09)",
	year =	"2009",
	pages =	"183--194",
	MYfile =	"fe09.pdf",
)

@inproceedings(
	feldman-1,
	title =	"{A}dmissible {C}riteria for {L}oop {C}ontrol in {P}lanning",
	author =	"Roy Feldman and Paul Morris",
	booktitle =	"Proceedings of the 8th National Conference on Artifical Intelligence",
	year =	"1990",
	pages =	"151--157",
)

@inproceedings(
	fgt03,
	title =	"{I}ntelligent execution monitoring in dynamic environments",
	author =	"Matthias Fichtner and Axel Grossmann and Michael Thielscher",
	booktitle =	"Proceedings of IJCAI-03 Workshop on Issues in Designing Physical Agents for Dynamic Real-Time Environments",
	month =	"Aug",
	year =	"2003",
	MYfile =	"Grossmann-IDPA03.pdf",
)

@inproceedings(
	flmp99,
	title =	"{U}sing {D}atabase {O}ptimization {T}echniques for {N}onmonotonic {R}easoning",
	author =	"Wolfgang Faber and Nicola Leone and Cristinel Mateis and Gerard Pfeifer",
	booktitle =	"Proceedings of the 7th International Workshop on Deductive Databases and Logic Programming (DDLP'99)",
	month =	"Sep",
	year =	"1999",
	pages =	"135--139",
)

@inproceedings(
	fmmt01,
	title =	"{C}omputing {S}table {M}odels in {P}arallel",
	author =	"R. A. Finkel and Victor W. Marek and N. Moore and Miroslaw Truszczynski",
	booktitle =	"Answer Set Programming: Towards Efficient and Scalable Knowledge Representation and Reasoning",
	month =	"Mar",
	year =	"2001",
	editor =	"Alessandro Provetti and Tran Cao Son",
	series =	"AAAI 2001 Spring Symposium Series",
)

@inproceedings(
	forte-2,
	title =	"{I}ntegrating {A}bduction and {I}nduction in {M}achine {L}earning",
	author =	"Raymond J. Mooney",
	booktitle =	"Working Notes of the IJCAI-97 Workshop on Abduction and Induction in AI",
	month =	"Aug",
	year =	"1997",
	pages =	"37--42",
)

@inproceedings(
	fpr00,
	title =	"{O}pen {W}orld {P}lanning in the {S}ituation {C}alculus",
	author =	"A. Finzi and F. Pirri and Raymond Reiter",
	booktitle =	"Proceedings of the 17th National 
Conference of Artificial Intelligence (AAAI'00)",
	year =	"2000",
	pages =	"754--760",
)

@inproceedings(
	gb10,
	title =	"{A}nswer {S}et {P}rogramming for {C}omputational {P}sychological {M}odels",
	author =	"Sara Girotto and Marcello Balduccini",
	booktitle =	"10th International Conference on Cognitive Modeling (ICCM 2010)",
	month =	"Aug",
	year =	"2010",
)

@inproceedings(
	gbg01,
	title =	"
{D}iagnosing physical systems in {A}-{P}rolog",
	author =	"Marcello Balduccini and Joel Galloway and Michael Gelfond",
	booktitle =	"Proceedings of the 6th International Conference on Logic Programming and Nonmonotonic Reasoning",
	month =	"Sep",
	year =	"2001",
	pages =	"213--225",
)

@inproceedings(
	gcb06,
	title =	"{D}istributed {D}eployment of {A}synchronous {G}uards in {A}rt {G}alleries",
	author =	"Anurag Ganguli and Jorge Cortes and Francesco Bullo",
	booktitle =	"American Control Conference",
	year =	"2006",
)

@inproceedings(
	geffner-1,
	title =	"{C}ausality, {C}onstraints and the {I}ndirect {E}ffects of {A}ctions",
	author =	"Hector Geffner",
	booktitle =	"Proceedings of the 15th International Conference on Artificial Intelligence",
	year =	"1997",
	publisher =	"Morgan Kaufmann",
)

@inproceedings(
	gel02,
	title =	"{R}epresenting {K}nowledge in {{A}-{P}}rolog",
	author =	"Michael Gelfond",
	booktitle =	"Computational Logic: Logic Programming and Beyond, Essays in Honour of Robert A. Kowalski, Part II",
	volume =	"2408",
	year =	"2002",
	editor =	"Antonis C. Kakas and Fariba Sadri",
	publisher =	"Springer Verlag, Berlin",
	pages =	"413-451",
)

@inproceedings(
	gel06,
	title =	"{G}oing places - notes on a modular development of knowledge about travel",
	author =	"Michael Gelfond",
	booktitle =	"AAAI Spring 2006 Symposium on Knowledge Repositories",
	year =	"2006",
)

@inproceedings(
	gel11,
	title =	"{N}ew {S}emantics for {E}pistemic {S}pecifications",
	author =	"Michael Gelfond",
	booktitle =	"11th International Conference on Logic  Programming and Nonmonotonic Reasoning (LPNMR11)",
	volume =	"6645",
	year =	"2011",
	editor =	"James P. Delgrande and Wolfgang Faber",
	publisher =	"Springer Verlag, Berlin",
	series =	"Lecture Notes in Artificial Intelligence (LNCS)",
	pages =	"260--265",
)

@inproceedings(
	gel91b,
	title =	"{S}trong {I}ntrospection",
	author =	"Michael Gelfond",
	booktitle =	"Proceedings of the 9th National Conference on Artifical Intelligence",
	month =	"Jul",
	year =	"1991",
	editor =	"T. Dean and Kathleen McKeown",
	publisher =	"AAAI Press/The MIT Press, Menlo Park, CA",
	pages =	"386--391",
)

@inproceedings(
	gelfond-3,
	title =	"{R}easoning with {P}rioritized {D}efaults",
	author =	"Michael Gelfond and Tran Cao Son",
	booktitle =	"Third International Workshop, LPKR'97",
	volume =	"1471",
	month =	"Oct",
	year =	"1997",
	series =	"Lecture Notes in Artificial Intelligence (LNCS)",
	pages =	"164--224",
	MYfile =	"priorities.ps",
)

@inproceedings(
	gfw03,
	title =	"{O}n {G}raph {K}ernels: {H}ardness {R}esults and {E}fficient {A}lternatives",
	author =	"Thomas Gartner and Peter Flach and Stefan Wrobel",
	booktitle =	"Procs of the 16th Annual Conference on Learning Theory and 7th Kernel Workshop, COLT/Kernel 2003",
	year =	"2003",
	publisher =	"Springer Verlag, Berlin",
	pages =	"129--143",
)

@inproceedings(
	gg97,
	title =	"{F}rom {F}unctional {S}pecifications to {L}ogic {P}rograms",
	author =	"Alfredo Gabaldon and Michael Gelfond",
	booktitle =	"Proceedings of the International Logic Programming Symposium (ILPS'97)",
	year =	"1997",
)

@inproceedings(
	ginsberg-1,
	title =	"{T}heory {R}eduction, {T}heory {R}evision, and {R}etranslation",
	author =	"Allen Ginsberg",
	booktitle =	"Proceedings of the 8th National Conference on Artifical Intelligence",
	year =	"1990",
	pages =	"777--782",
)

@inproceedings(
	gkk11,
	title =	"{A} {P}ortfolio {S}olver for {A}nswer {S}et {P}rogramming: {P}reliminary {R}eport",
	author =	"Martin Gebser and Roland Kaminski and Benjamin Kaufmann and Torsten Schaub and Marius Thomas Schneider and Stefan Ziller",
	booktitle =	"11th International Conference on Logic  Programming and Nonmonotonic Reasoning (LPNMR11)",
	volume =	"6645",
	year =	"2011",
	editor =	"James P. Delgrande and Wolfgang Faber",
	publisher =	"Springer Verlag, Berlin",
	series =	"Lecture Notes in Artificial Intelligence (LNCS)",
	pages =	"352--357",
)

@inproceedings(
	gkn07,
	title =	"{C}onflict-{D}riven {A}nswer {S}et {S}olving",
	author =	"Martin Gebser and Benjamin Kaufmann and Andre Neumann and Torsten Schaub",
	booktitle =	"Proceedings of the Twentieth International Joint Conference on Artificial Intelligence (IJCAI'07)",
	year =	"2007",
	editor =	"Manuela M. Veloso",
	pages =	"386--392",
)

@inproceedings(
	gkn07b,
	title =	"{C}lasp: {A} {C}onflict-{D}riven {A}nswer {S}et {S}olver",
	author =	"Martin Gebser and Benjamin Kaufmann and Andre Neumann and Torsten Schaub",
	booktitle =	"9th International Conference on Logic  Programming and Nonmonotonic Reasoning (LPNMR07)",
	volume =	"4483",
	month =	"May",
	year =	"2007",
	editor =	"Chitta Baral and Gerhard Brewka and John Schlipf",
	publisher =	"Springer Verlag, Berlin",
	series =	"Lecture Notes in Artificial Intelligence (LNCS)",
	pages =	"260--265",
)

@inproceedings(
	gko09,
	title =	"{O}n the input language of {A}{S}{P} grounder gringo",
	author =	"Martin Gebser and Roland Kaminski and Max Ostrowski and Torsten Schaub and Sven Thiele",
	booktitle =	"10th International Conference on Logic  Programming and Nonmonotonic Reasoning (LPNMR09)",
	volume =	"5753",
	month =	"Sep",
	year =	"2009",
	editor =	"Esra Erdem and Fangzhen Lin and Torsten Schaub",
	publisher =	"Springer Verlag, Berlin",
	series =	"Lecture Notes in Artificial Intelligence (LNCS)",
	pages =	"502--508",
)

@inproceedings(
	gks09,
	title =	"{T}he {C}onflict-{D}riven {A}nswer {S}et {S}olver clasp: {P}rogress {R}eport",
	author =	"Martin Gebser and Benjamin Kaufmann and Torsten Schaub",
	booktitle =	"10th International Conference on Logic  Programming and Nonmonotonic Reasoning (LPNMR09)",
	volume =	"5753",
	month =	"Sep",
	year =	"2009",
	editor =	"Esra Erdem and Fangzhen Lin and Torsten Schaub",
	publisher =	"Springer Verlag, Berlin",
	series =	"Lecture Notes in Artificial Intelligence (LNCS)",
	pages =	"509--514",
)

@inproceedings(
	gl88,
	title =	"{T}he stable model semantics for logic programming",
	author =	"Michael Gelfond and Vladimir Lifschitz",
	booktitle =	"Proceedings of ICLP-88",
	year =	"1988",
	pages =	"1070--1080",
)

@inproceedings(
	gl98b,
	title =	"{A}n {A}ction {L}anguage {B}ased on {C}ausal {E}xplanation: {P}reliminary {R}eport",
	author =	"Enrico Giunchiglia and Vladimir Lifschitz",
	booktitle =	"Proceedings of the 15th National Conference of Artificial Intelligence (AAAI'98)",
	year =	"1998",
)

@inproceedings(
	glm10,
	title =	"{A}{S}{P} at {W}ork: {S}pin-off and {A}pplications of the {D}{L}{V} {S}ystem",
	author =	"Giovanni Grasso and Nicola Leone and Marco Manna and Francesco Ricca",
	booktitle =	"Symposium on  Constructive Mathematics in Computer Science",
	month =	"Oct",
	year =	"2010",
	editor =	"Marcello Balduccini and Tran Cao Son",
)

@inproceedings(
	gm04,
	title =	"{E}ncoding {C}onformant {P}lanning in {A}-{P}rolog",
	author =	"Michael Gelfond and Ricardo Morales",
	booktitle =	"Proceedings of DRT'04",
	year =	"2004",
)

@inproceedings(
	gm07,
	title =	"{E}nhancing {A}{S}{P} {S}ystems for {P}lanning with {T}emporal {C}onstraints",
	author =	"Veena S. Mellarkod and Michael Gelfond",
	booktitle =	"9th International Conference on Logic  Programming and Nonmonotonic Reasoning (LPNMR07)",
	volume =	"4483",
	month =	"May",
	year =	"2007",
	editor =	"Chitta Baral and Gerhard Brewka and John Schlipf",
	publisher =	"Springer Verlag, Berlin",
	series =	"Lecture Notes in Artificial Intelligence (LNCS)",
	pages =	"309-314",
)

@inproceedings(
	gmp18,
	title =	"{E}valuation {T}echniques and {S}ystems for {A}nswer {S}et {P}rogramming: {A} {S}urvey",
	author =	"Martin Gebser and Marco Maratea and Simona Perri and Francesco Ricca and Torsten Schaub",
	booktitle =	"IEEE International Symposium on Software Reliability Engineering (ISSRE)",
	year =	"2015",
	pages =	"5450--5456",
)

@inproceedings(
	gn02,
	title =	"{B}erk{M}in: {A} {F}ast and {R}obust {S}at-{S}olver",
	author =	"Eugene Goldberg and Yakov Novikov",
	booktitle =	"Proceedings of Design, Automation and Test in Europe Conference (DATE-2002)",
	month =	"Mar",
	year =	"2002",
	pages =	"142--149",
	MYfile =	"gn02.pdf",
)

@inproceedings(
	gnt02,
	title =	"{L}earning for {Q}uantified {B}oolean {L}ogic {S}atisfiability",
	author =	"Enrico Giunchiglia and M. Narizzano and A. Tacchella",
	booktitle =	"Proceedings of the 18th National Conference on Artificial Intelligence (AAAI-02)",
	year =	"2002",
)

@inproceedings(
	gol00,
	title =	"{A}cting on information: a plan language for manipulating data",
	author =	"Keith Golden",
	booktitle =	"2nd NASA International workshop on Planning and Scheduling for Space",
	month =	"Mar",
	year =	"2000",
	editor =	"Steve Chien and Nicola Muscettola",
	MYfile =	"imagebot-nasaps.pdf",
)

@inproceedings(
	gol01,
	title =	"{A} planner-based approach to automated processing and tracking of mission data",
	author =	"Keith Golden",
	booktitle =	"International Symposium on Artificial Intelligence, Robotics and Automation for Space (i-SAIRAS 2001)",
	year =	"2001",
	MYfile =	"isairas.pdf",
)

@inproceedings(
	gos09,
	title =	"{C}onstraint {A}nswer {S}et {S}olving",
	author =	"Martin Gebser and Max Ostrowski and Torsten Schaub",
	booktitle =	"25th International Conference on Logic Programming (ICLP09)",
	volume =	"5649",
	year =	"2009",
)

@inproceedings(
	grz06,
	title =	"{C}ombining {L}ogical and {P}robabilistic {R}easoning",
	author =	"Michael Gelfond and Nelson Rushton and Weijun Zhu",
	booktitle =	"AAAI 2006 Spring Symposium",
	year =	"2006",
	pages =	"50--55",
)

@inproceedings(
	gs06,
	title =	"{T}ableau {C}alculi for {A}nswer {S}et {P}rogramming",
	author =	"Martin Gebser and Torsten Schaub",
	booktitle =	"22nd International Conference on Logic Programming (ICLP06)",
	volume =	"4079",
	month =	"Aug",
	year =	"2006",
	editor =	"Sandro Etalle and Miroslaw Truszczynski",
	publisher =	"Springer Verlag, Berlin",
	series =	"Lecture Notes in Artificial Intelligence (LNCS)",
	pages =	"11--25",
)

@inproceedings(
	gsb20,
	title =	"{D}ynamic {C}ollaborative {V}isualization of the {U}nited {N}ations {S}ustainable {D}evelopment {G}oals ({S}{D}{G}s): {C}reating an {S}{D}{G} {D}ashboard for {R}eporting and {B}est {P}ractice {S}haring",
	author =	"Kathleen Campbell Garwood and David Steingard and Marcello Balduccini",
	booktitle =	"11th International Conference on Information Visualization Theory and Applications (IVAPP 2020)",
	year =	"2020",
)

@inproceedings(
	gt97,
	title =	"{R}easoning with {P}rioritized {D}efaults",
	author =	"Michael Gelfond and Tran Cao Son",
	booktitle =	"Workshop on Logic Programming and Knowledge Representation",
	year =	"1997",
	pages =	"164-223",
)

@inproceedings(
	gw02,
	title =	"{D}iagnostics with answer sets: {D}ealing with unobservable fluents",
	author =	"Michael Gelfond and Richard Watson",
	booktitle =	"Proceedings of the 3rd International Workshop on Cognitive Robotics - CogRob'02",
	year =	"2002",
	pages =	"44--51",
	MYfile =	"paper17final.pdf",
)

@inproceedings(
	gw07,
	title =	"{M}odeling {C}ooperative {M}ulti-{A}gent {S}ystems",
	author =	"Gregory Gelfond and Richard Watson",
	booktitle =	"Proceedings of ASP'07",
	month =	"Sep",
	year =	"2007",
	pages =	"67-81",
)

@inproceedings(
	gw99,
	title =	"{O}n methodology for representing knowledge in dynamic domains",
	author =	"Michael Gelfond and Richard Watson",
	booktitle =	"Proc of the 1998 ARO/ONR/NSF/DARPA Monterey Workshop on Engineering Automation for Computer Based Systems",
	year =	"1999",
	pages =	"57--66",
)

@inproceedings(
	hanks-1,
	title =	"{P}ractical {T}emporal {P}rojection",
	author =	"Steve Hanks",
	booktitle =	"Proceedings of the 8th National Conference on Artifical Intelligence",
	year =	"1990",
	pages =	"158--163",
)

@inproceedings(
	hgm10,
	title =	"{M}odeling the {E}ffects of {W}ork {S}hift on {L}earning in {M}ental {O}rientation and {R}otation {T}ask",
	author =	"Tim Halverson and Glenn Gunzelmann and L. Richard Moore Jr. and Hans Van Dongen",
	booktitle =	"10th International Conference on Cognitive Modeling (ICCM 2010)",
	month =	"Aug",
	year =	"2010",
	MYfile =	"Halverson.pdf",
)

@inproceedings(
	hk94,
	title =	"{T}owards a {M}assively {P}arallel {C}omputational {M}odel for {L}ogic {P}rogramming",
	author =	"Steffen Holldobler and Yvonne Kalinke",
	booktitle =	"Proceedings of the ECAI94 Workshop on Combining Symbolic and Connectionist Processing, ECCAI",
	year =	"1994",
	pages =	"68-77",
	MYfile =	"towards-a-new-massively.ps.gz",
)

@inproceedings(
	hks15,
	title =	"{A}nomaly {D}etection in {C}omputer {S}ystems using {C}ompressed {M}easurements",
	author =	"Tingshan Huang and Nagarajan Kandasamy and Harish Sethu",
	booktitle =	"IEEE International Symposium on Software Reliability Engineering (ISSRE)",
	year =	"2015",
)

@inproceedings(
	hks98,
	title =	"{R}ecurrent {N}eural {N}etworks to {A}pproximate the {S}emantics of {A}cceptable {L}ogic {P}rograms",
	author =	"Steffen Holldobler and Yvonne Kalinke and Hans-Peter Storr",
	booktitle =	"Proceedings of the 11th Australian Joint Conference on Artificial Intelligence",
	year =	"1998",
	publisher =	"Springer Verlag, Berlin",
	MYfile =	"recurrent-neural-networks-to.ps.gz",
)

@inproceedings(
	hks99,
	title =	"{A}pproximating the {S}emantics of {L}ogic {P}rograms by {R}ecurrent {N}eural {N}etworks",
	author =	"Steffen Holldobler and Yvonne Kalinke and Hans-Peter Storr",
	booktitle =	"Applied Intelligence",
	volume =	"11",
	year =	"1999",
	pages =	"45-58",
	MYfile =	"hks99.ps.gz",
)

@inproceedings(
	hks99b,
	title =	"{C}ontrol {K}nowledge in {P}lanning: {B}enefits and {T}radeoffs",
	author =	"Y. Huang and Henry Kautz and B. Selman",
	booktitle =	"Proceedings of the 16th National Conference of Artificial Intelligence (AAAI'99)",
	year =	"1999",
	pages =	"511--517",
)

@inproceedings(
	hmm99,
	title =	"{W}ord{N}et 2 - {A} morphologically and semantically enhanced resource",
	author =	"S. Harabagiu and George A. Miller and D. Moldovan",
	booktitle =	"Proceedings of SIGLEX-99",
	month =	"Jun",
	year =	"1999",
	pages =	"1--8",
)

@inproceedings(
	hob85,
	title =	"{O}ntological {P}romiscuity",
	author =	"Jerry Hobbs",
	booktitle =	"Proceedings of the 23rd Annual Meeting of the Association for Computational Linguistics",
	month =	"Jul",
	year =	"1985",
	pages =	"61--69",
	MYfile =	"op-acl85.pdf",
)

@inproceedings(
	hua07,
	title =	"{T}he {E}ffect of {R}estarts on the {E}fficiency of {C}lause {L}earning",
	author =	"Jinbo Huang",
	booktitle =	"Proceedings of the Twentieth International Joint Conference on Artificial Intelligence (IJCAI'07)",
	year =	"2007",
	editor =	"Manuela M. Veloso",
	pages =	"2318--2323",
)

@inproceedings(
	inc16,
	title =	"{C}ore{A}{L}{M}lib: {A}n {A}{L}{M} {L}ibrary {T}ranslated from the {C}omponent {L}ibrary.",
	author =	"Daniela Inclezan",
	booktitle =	"32nd International Conference on Logic Programming (ICLP16)",
	year =	"2016",
)

@inproceedings(
	ira09,
	title =	"{M}obile {A}d {H}oc {N}etwork {E}mulation {E}nvironment",
	author =	"Natalie Ivanic and Brian Rivera and Brian Adamson",
	booktitle =	"IEEE Military Communications Conference (MILCOM) 2009 Proceedings",
	month =	"Oct",
	year =	"2009",
)

@inproceedings(
	izb17,
	title =	"{U}nderstanding {R}estaurant {S}tories {U}sing an {A}{S}{P} {T}heory of {I}ntentions",
	author =	"Daniela Inclezan and Qinglin Zhang and Marcello Balduccini and Ankush Israney",
	booktitle =	"33rd International Conference on Logic Programming (ICLP17)",
	year =	"2017",
)

@inproceedings(
	jak11,
	title =	"{M}ission {C}yber {S}ecurity {S}ituation {A}ssessment {U}sing {I}mpact {D}ependency {G}raphs",
	author =	"Gabriel Jakobson",
	booktitle =	"Proceedings of the 14th International Conference on Information Fusion (FUSION)",
	year =	"2011",
	pages =	"1--8",
	MYfile =	"jak11.pdf",
)

@inproceedings(
	jl87,
	title =	"{C}onstraint {L}ogic {P}rogramming",
	author =	"Joxan Jaffar and Jean-Louis Lassez",
	booktitle =	"Proceedings of the 14th ACM Symposium on Principles of Programming Languages",
	month =	"Jan",
	year =	"1987",
	publisher =	"ACM Press",
	pages =	"111-119",
)

@inproceedings(
	jmo95,
	title =	"{P}artial {O}rder {P}rogramming ({R}evisited)",
	author =	"Bharat Jayaraman and Mauricio Osorio and Kyonghee Moon",
	booktitle =	"Proceedings of the 4th International on Algebraic Methodology and Software Technology (AMAST '95)",
	volume =	"936",
	year =	"1995",
	publisher =	"Springer Verlag, Berlin",
	series =	"Lecture Notes in Artificial Intelligence (LNCS)",
	pages =	"561--575",
)

@inproceedings(
	jnsy00,
	title =	"{U}nfolding {P}artiality and {D}isjunctions in {S}table {M}odel {S}emantics",
	author =	"Tomi Janhunen and Ilkka Niemel{\"a} and Patrik Simons and Jia-Huai You",
	booktitle =	"Principles of Knowledge Representation and Reasoning: Proceedings of the 7th International Conference (KR00)",
	year =	"2000",
	publisher =	"Morgan Kaufmann",
	pages =	"411--419",
)

@inproceedings(
	kab02,
	title =	"{A}n {O}verview of the {A}ssisted {C}ognition {P}roject",
	author =	"Henry Kautz and Larry Arnstein and Gaetano Borriello and Oren Etzioni and Dieter Fox",
	booktitle =	"AAAI-2002 Workshop on Automation as Caregiver: The Role of Intelligent Technology in Elder Care",
	year =	"2002",
)

@inproceedings(
	kabanza-1,
	title =	"{S}ynthesis of {R}eactive {P}lans for {M}ulti-{P}ath {E}nvironment",
	author =	"F. Kabanza",
	booktitle =	"Proceedings of the 8th National Conference on Artifical Intelligence",
	year =	"1990",
	pages =	"164--169",
)

@inproceedings(
	kambhampati-2,
	title =	"{C}hallenges in bridging plan synthesis paradigms",
	author =	"Subbarao Kambhampati",
	booktitle =	"Proceedings of the 15th International Conference on Artificial Intelligence",
	year =	"1997",
	publisher =	"Morgan Kaufmann",
)

@inproceedings(
	kambhampati-3,
	title =	"{M}apping and {R}etrieval {D}uring {P}lan {R}euse: {A} {V}alidation {S}tructure {B}ased {A}pproach",
	author =	"Subbarao Kambhampati",
	booktitle =	"Proceedings of the 8th National Conference on Artifical Intelligence",
	year =	"1990",
	pages =	"170--175",
)

@inproceedings(
	kambhampati-4,
	title =	"{A} {T}heory of {P}lan {M}odification",
	author =	"Subbarao Kambhampati",
	booktitle =	"Proceedings of the 8th National Conference on Artifical Intelligence",
	year =	"1990",
	pages =	"176--182",
)

@inproceedings(
	km90,
	title =	"{G}eneralized stable models: a semantics for abduction",
	author =	"Antonis C. Kakas and Paolo Mancarella",
	booktitle =	"Proceedings of ECAI-90",
	year =	"1990",
	publisher =	"IOS Press",
	pages =	"385--391",
)

@inproceedings(
	kodratoff-1,
	title =	"{T}he {C}entral {R}ole of {E}xplanations in {D}{I}{S}{C}{I}{P}{L}{E}",
	author =	"Yves Kodratoff and Gheorghe Tecuci",
	booktitle =	"Knowledge Representation and Organization in Machine Learning",
	volume =	"347",
	year =	"1989",
	editor =	"Katharina Morik",
	publisher =	"Springer Verlag, Berlin",
	series =	"Lecture Notes in Artificial Intelligence (LNCS)",
	pages =	"135--147",
)

@inproceedings(
	kodratoff-2,
	title =	"{T}he {U}se of {A}nalogy in {I}ncremental {S}{B}{L}",
	author =	"Yves Kodratoff and Christel Vrain",
	booktitle =	"Knowledge Representation and Organization in Machine Learning",
	volume =	"347",
	year =	"1989",
	editor =	"Katharina Morik",
	publisher =	"Springer Verlag, Berlin",
	series =	"Lecture Notes in Artificial Intelligence (LNCS)",
	pages =	"231-246",
)

@inproceedings(
	kowalski-2,
	title =	"{T}owards a unified agent architecture that combines rationality with reactivity",
	author =	"Robert A. Kowalski and Fariba Sadri",
	booktitle =	"Intelligent Agents II: Agent Theories, Architectures, and Languages",
	volume =	"1037",
	year =	"1996",
	editor =	"J. P. Mullder and Milind Tambe and Michael Wooldridge",
	series =	"Lecture Notes in Artificial Intelligence (LNCS)",
	pages =	"331--346",
)

@inproceedings(
	kp83,
	title =	"{A} generalized transition network representation for interactive systems",
	author =	"David Kieras and Peter G. Polson",
	booktitle =	"Proceedings of the SIGCHI conference on Human Factors in Computing Systems (SIGCHI-83)",
	year =	"1983",
	pages =	"103--106",
)

@inproceedings(
	ks07,
	title =	"{K}nowledge {A}cquisition by an {I}ntelligent {A}cting {A}gent",
	author =	"Michael Kandefer and Stuart C. Shapiro",
	booktitle =	"Procs of Logical Formalizations of Commonsense Reasoning, 2007 AAAI Spring Symposium",
	month =	"Mar",
	year =	"2007",
	editor =	"Eyal Amir and Vladimir Lifschitz and Rob Miller",
	pages =	"77-82",
	MYfile =	"kansha07a.pdf",
)

@inproceedings(
	ks98,
	title =	"{T}he {R}ole of {D}omain-{S}pecific {K}nowledge in the {P}lanning as {S}atisfiability {F}ramework",
	author =	"Henry Kautz and B. Selman",
	booktitle =	"Proceedings of AIPS'98",
	year =	"1998",
)

@inproceedings(
	kss07,
	title =	"{S}ymbolic {R}easoning in the {C}yber {S}ecurity {D}omain",
	author =	"Michael Kandefer and Stuart C. Shapiro and Adam Stotz and Moises Sudit",
	booktitle =	"Proceedings of MSS 2007 National Symposium on Sensor and Data Fusion",
	year =	"2007",
	MYfile =	"kss07.pdf",
)

@inproceedings(
	lb16,
	title =	"{I}nterpreting {N}atural {L}anguage {S}ources {U}sing {T}ransition {D}iagrams",
	author =	"Emily LeBlanc and Marcello Balduccini",
	booktitle =	"Logic Programming with Constraints for Language Processing (CSLP2016)",
	year =	"2016",
	editor =	"Henning Christiansen and Veronica Dahl",
)

@inproceedings(
	lb17,
	title =	"{C}ontextual {R}epresentations of {C}ause via {R}easoning about {A}ctions and {C}hange",
	author =	"Emily LeBlanc and Marcello Balduccini",
	booktitle =	"1st International Workshop on Practical Aspects of Answer Set Programming (PAoASP 2017)",
	year =	"2017",
)

@inproceedings(
	lbr14,
	title =	"{O}ntologies and {R}ich {M}etadata for {M}aterials {S}cientific {D}ata {A}nalysis",
	author =	"William C. Regli and Marcello Balduccini and Emily LeBlanc",
	booktitle =	"Big Data and Analytics EdCon (BDA EdCon 2014)",
	year =	"2014",
)

@inproceedings(
	lbv19,
	title =	"{E}xplaining {A}ctual {C}ausation via {R}easoning about {A}ctions and {C}hange",
	author =	"Emily LeBlanc and Marcello Balduccini and Joost Vennekens",
	booktitle =	"16th European Conference on Logics in Artificial Intelligence (JELIA2019)",
	year =	"2019",
)

@inproceedings(
	levesque-1,
	title =	"{W}hat is planning in the presence of sensing?",
	author =	"Hector J. Levesque",
	booktitle =	"Proceedings of the 13th National Conference on Artificial Intelligence",
	year =	"1996",
	pages =	"1139--1146",
	MYflag =	"da leggere",
)

@inproceedings(
	lgs07,
	title =	"{A} {D}ecentralized {A}pproach to the {A}rt {G}allery {P}roblem",
	author =	"Robert N. Lass and Michael J. Grauer and Evan A. Sultanik and William C. Regli",
	booktitle =	"Fall Workshop on Computational Geometry",
	year =	"2007",
)

@inproceedings(
	li07,
	title =	"{A}nswer-{S}et {P}rogramming {B}ased {D}ynamic {U}ser {M}odeling for {R}ecommender {S}ystems",
	author =	"Joao Leite and Manoela Ilic",
	booktitle =	"Progress in Artificial Intelligence, 13th Portuguese Conference on Artificial Intelligence",
	year =	"2007",
	pages =	"29--42",
)

@inproceedings(
	lie08,
	title =	"{A}bstract {A}nswer {S}et {S}olvers",
	author =	"Yuliya Lierler",
	booktitle =	"Proceedings of the 24th International Conference on Logic Programming (ICLP08)",
	volume =	"5366",
	month =	"Dec",
	year =	"2008",
	editor =	"Maria Garcia de la Banda and Enrico Pontelli",
	publisher =	"Springer Verlag, Berlin",
	series =	"Lecture Notes in Artificial Intelligence (LNCS)",
	pages =	"377--391",
)

@inproceedings(
	lie12,
	title =	"{O}n the {R}elation of  {C}onstraint {A}nswer {S}et {P}rogramming {L}anguages and {A}lgorithms",
	author =	"Yuliya Lierler",
	booktitle =	"Proceedings of the 26th Conference on Artificial Intelligence (AAAI'12)",
	year =	"2012",
	publisher =	"MIT Press",
)

@inproceedings(
	lif11,
	title =	"{L}ogic {P}rograms with {I}ntensional {F}unctions ({P}reliminary {R}eport)",
	author =	"Vladimir Lifschitz",
	booktitle =	"ICLP11 Workshop on Answer Set Programming and Other Computing Paradigms (ASPOCP11)",
	month =	"Jul",
	year =	"2011",
	MYfile =	"lif11.pdf",
)

@inproceedings(
	lifschitz-1,
	title =	"{A}nswer {S}et {P}lanning",
	author =	"Vladimir Lifschitz",
	booktitle =	"Proceedings of IJCSLP 99",
	year =	"1999",
	MYfile =	"asp.ps",
)

@inproceedings(
	lig17,
	title =	"{A}ction {L}anguages and {Q}uestion {A}nswering",
	author =	"Yuliya Lierler and Daniela Inclezan and Michael Gelfond",
	booktitle =	"12th International Conference on Computational Semantics (IWCS 2017)",
	year =	"2017",
)

@inproceedings(
	lin95,
	title =	"{E}mbracing causality in specifying the indirect effects of actions",
	author =	"Fangzhen Lin",
	booktitle =	"Proceedings of IJCAI-95",
	year =	"1995",
	editor =	"C. Mellish",
	publisher =	"Morgan Kaufmann",
	pages =	"1985--1993",
)

@inproceedings(
	littman-1,
	title =	"{C}onstructing {E}xpert {S}ystems as {B}uilding {M}ental {M}odels or {T}oward a {C}ognitive {O}ntology for {E}xpert {S}ystems",
	author =	"David Littman",
	booktitle =	"Knowledge Representation and Organization in Machine Learning",
	volume =	"347",
	year =	"1989",
	editor =	"Katharina Morik",
	publisher =	"Springer Verlag, Berlin",
	series =	"Lecture Notes in Artificial Intelligence (LNCS)",
	pages =	"88--106",
)

@inproceedings(
	ll01,
	title =	"{A}dditive {F}luents",
	author =	"Joohyung Lee and Vladimir Lifschitz",
	booktitle =	"Answer Set Programming: Towards Efficient and Scalable Knowledge Representation and Reasoning",
	month =	"Mar",
	year =	"2001",
	editor =	"Alessandro Provetti and Tran Cao Son",
	series =	"AAAI 2001 Spring Symposium Series",
)

@inproceedings(
	lm04,
	title =	"{C}models-2: {S}{A}{T}-based {A}nswer {S}ets {S}olver {E}nhanced to {N}on-tight {P}rograms",
	author =	"Yuliya Lierler and Marco Maratea",
	booktitle =	"Proceedings of LPNMR-7",
	month =	"Jan",
	year =	"2004",
)

@inproceedings(
	lnb15,
	title =	"{M}ilitary {O}ntologies for {I}nformation {D}issemination at the {T}actical {E}dge",
	author =	"Emily LeBlanc and Duc N. Nguyen and Marcello Balduccini and William C. Regli and Joseph B. Kopena and Thomas Wambold",
	booktitle =	"IJCAI15 Joint Ontology Workshops (JOWO)",
	year =	"2015",
)

@inproceedings(
	lobo-1,
	title =	"{A}dding {K}nowledge to the {A}ction {D}escription {L}anguage",
	author =	"Jorge Lobo and Gisela Mendez and Stuart R. Taylor",
	booktitle =	"Proceedings of the 14th National Conference on Artificial Intelligence",
	year =	"1997",
	pages =	"454--459",
)

@inproceedings(
	lor02,
	title =	"{L}earning non-monotonic causal theories from narratives of actions",
	author =	"David Lorenzo",
	booktitle =	"Proceedings of the 9th International Workshop on Non-Monotonic Reasoning (NMR'2002)",
	month =	"Apr",
	year =	"2002",
)

@inproceedings(
	lt94,
	title =	"{S}plitting a logic program",
	author =	"Vladimir Lifschitz and Hudson Turner",
	booktitle =	"Proceedings of the 11th International Conference on Logic Programming (ICLP94)",
	year =	"1994",
	pages =	"23--38",
	MYfile =	"lt94.pdf",
)

@inproceedings(
	lt99,
	title =	"{R}epresenting transition systems by logic programs",
	author =	"Vladimir Lifschitz and Hudson Turner",
	booktitle =	"Proceedings of the 5th International Conference on Logic Programming and Non-monotonic Reasoning (LPNMR-99)",
	number =	"1730",
	year =	"1999",
	publisher =	"Springer Verlag, Berlin",
	series =	"Lecture Notes in Artificial Intelligence (LNCS)",
	pages =	"92--106",
)

@inproceedings(
	lw08,
	title =	"{A}nswer {S}et {P}rogramming with {F}unctions",
	author =	"Fangzhen Lin and Yisong Wang",
	booktitle =	"Proceedings of the International Conference on Principles of Knowledge Representation and Reasoning (KR2008)",
	year =	"2008",
	pages =	"454--465",
	MYfile =	"lw08.pdf",
)

@inproceedings(
	ly01,
	title =	"{A}bduction in {L}ogic {P}rogramming: {A} {N}ew {D}efinition and an {A}bductive {P}rocedure {B}ased on {R}ewriting",
	author =	"Fangzhen Lin and Jia-Huai You",
	booktitle =	"International Joint Conference on Artificial Intelligence (IJCAI'01)",
	year =	"2001",
)

@inproceedings(
	lz02,
	title =	"{A}{S}{S}{A}{T}: {C}omputing answer sets of a logic program by {S}{A}{T} solvers",
	author =	"Fangzhen Lin and Yuting Zhao",
	booktitle =	"Proceedings of AAAI-02",
	year =	"2002",
)

@inproceedings(
	maes-1,
	title =	"{L}earning to {C}oordinate {B}ehaviours",
	author =	"A. Brooks and Pattie Maes",
	booktitle =	"Proceedings of the 8th National Conference on Artifical Intelligence",
	year =	"1990",
	pages =	"796--802",
)

@inproceedings(
	manago-1,
	title =	"{L}earning {D}isjunctive {C}oncepts",
	author =	"Jim Blythe and Michael Manago",
	booktitle =	"Knowledge Representation and Organization in Machine Learning",
	volume =	"347",
	year =	"1989",
	editor =	"Katharina Morik",
	publisher =	"Springer Verlag, Berlin",
	series =	"Lecture Notes in Artificial Intelligence (LNCS)",
	pages =	"211-230",
)

@inproceedings(
	mc05,
	title =	" {T}emporally {R}elevant {A}nswer {S}election",
	author =	"Christine Clark and D. Moldovan",
	booktitle =	"Proceedings of the 2005 International Conference on Intelligence Analysis",
	month =	"May",
	year =	"2005",
	MYfile =	"temporal_IA.pdf",
)

@inproceedings(
	mcc58,
	title =	"{P}rograms with {C}ommon {S}ense",
	author =	"John McCarthy",
	booktitle =	"Proceedings of the Third Biannual World Automaton Congress",
	year =	"1998",
	pages =	"75--91",
)

@inproceedings(
	mcc77,
	title =	"{E}pistemological problems of artificial intelligence",
	author =	"John McCarthy",
	booktitle =	"Proceedings of IJCAI-77",
	year =	"1977",
	pages =	"1038--1044",
)

@inproceedings(
	mcc98b,
	title =	"{E}laboration {T}olerance",
	author =	"John McCarthy",
	booktitle =	"The 1998 Symposium on Logical Formalizations of Commonsense Reasoning (Common Sense 98)",
	year =	"1998",
)

@inproceedings(
	mci97,
	title =	"{R}epresenting actions and state constraints in model-based diagnosis",
	author =	"Sheila A. McIlraith",
	booktitle =	"Proceedings of AAAI-97",
	year =	"1997",
	pages =	"43--49",
)

@inproceedings(
	mci98,
	title =	"{E}xplanatory diagnosis conjecturing actions to explain observations",
	author =	"Sheila A. McIlraith",
	booktitle =	"Proceedings of the 1998 KR Conference",
	year =	"1998",
	pages =	"167--177",
)

@inproceedings(
	md02,
	title =	"{U}tility {F}unction for {C}eteris {P}aribus {P}references",
	author =	"Jon Doyle and Michael McGeachie",
	booktitle =	"Preferences in AI and CP: Symbolic Approaches",
	year =	"2002",
	editor =	"Ulrich Junker",
	series =	"AAAI 2002 Spring Symposium Series",
	pages =	"33--38",
)

@inproceedings(
	mka10,
	title =	"{G}oal-{D}riven {A}utonomy in a {N}avy {S}trategy {S}imulation",
	author =	"Matthew Molineaux and Matthew Klenk and David W. Aha",
	booktitle =	"Proceedings of the Twenty-Fourth Conference on Artificial Intelligence",
	year =	"2010",
)

@inproceedings(
	mkk12,
	title =	"{D}iscover{H}istory: {U}nderstanding the {P}ast in {P}lanning and {E}xecution",
	author =	"Matthew Klenk and Ugur Kuter and Matthew Molineaux",
	booktitle =	"Proceedings of the 11th International Conference on Autonomous Agents and Multiagent Systems (AAMAS12)",
	volume =	"3",
	year =	"2012",
)

@inproceedings(
	mmp04,
	title =	"{S}enseval-3 logic forms: {A} system and possible improvements",
	author =	"A. Mohammed and D. Moldovan and P. Parker",
	booktitle =	"Proceedings of Senseval-3: The Third International Workshop on the Evaluation of Systems for the Semantic Analysis of Text",
	month =	"Jul",
	year =	"2004",
	pages =	"163--166",
	MYfile =	"mohammed.pdf",
)

@inproceedings(
	mmz01,
	title =	"{C}haff: {E}ngineering an {E}fficient {S}{A}{T} {S}olver",
	author =	"Matthew W. Moskewicz and Conor F. Madigan and Ying Zhao and Lintao Zhang and Sharad Malik",
	booktitle =	"Proceedings of the 39th Design Automation Conference (DAC 2001)",
	year =	"2001",
	MYfile =	"chaff.pdf",
)

@inproceedings(
	mnrt00,
	title =	"{M}u{{T}{A}{C}{L}{P}}: {{A}} {L}anguage for {D}eclarative {G}{I}{S} {A}nalysis",
	author =	"Paolo Mancarella and G. Nerbini and A. Raffaeta' and F. Turini",
	booktitle =	"CL2000",
	year =	"2000",
	publisher =	"Springer Verlag, Berlin",
	series =	"Lecture Notes in Artificial Intelligence (LNCS)",
	pages =	"1002--1006",
)

@inproceedings(
	mohnhaupt-1,
	title =	"{S}ome {A}spects of {L}earning and {R}eorganization in an {A}nalogical {R}epresentation",
	author =	"Michael Mohnhaupt and Bernd Neumann",
	booktitle =	"Knowledge Representation and Organization in Machine Learning",
	volume =	"347",
	year =	"1989",
	editor =	"Katharina Morik",
	publisher =	"Springer Verlag, Berlin",
	series =	"Lecture Notes in Artificial Intelligence (LNCS)",
	pages =	"50--64",
)

@inproceedings(
	moo83,
	title =	"{S}emantical considerations on nonmonotonic logic",
	author =	"Robert C. Moore",
	booktitle =	"Proceedings of the 8th International Joint Conference on Artificial Intelligence",
	month =	"Aug",
	year =	"1983",
	publisher =	"Morgan Kaufmann",
	pages =	"272--279",
)

@inproceedings(
	mooney-2,
	title =	"{C}hanging the {R}ules: {A} {C}omprehensive {A}pproach to {T}heory {R}efinement",
	author =	"Raymond J. Mooney and Dirk Ourston",
	booktitle =	"Proceedings of the 8th National Conference on Artifical Intelligence",
	year =	"1990",
	pages =	"815--820",
)

@inproceedings(
	morik-1,
	title =	"{S}loppy {M}odeling",
	author =	"Katharina Morik",
	booktitle =	"Knowledge Representation and Organization in Machine Learning",
	volume =	"347",
	year =	"1989",
	editor =	"Katharina Morik",
	publisher =	"Springer Verlag, Berlin",
	series =	"Lecture Notes in Artificial Intelligence (LNCS)",
	pages =	"107--134",
)

@inproceedings(
	mr01,
	title =	"{T}ransformation of {W}ord{N}et {G}losses into {L}ogic {F}orms",
	author =	"D. Moldovan and Vasile Rus",
	booktitle =	"Proceedings of FLAIRS 2001 Conference",
	month =	"May",
	year =	"2001",
	MYfile =	"flairs2001.pdf",
)

@inproceedings(
	ms02,
	title =	"{S}ome alternative formulations of the event calculus",
	author =	"Rob Miller and Murray Shanahan",
	booktitle =	"Computational Logic: Logic Programming and Beyond, Essays in Honour of Robert A. Kowalski, Part II",
	volume =	"2408",
	year =	"2002",
	editor =	"Antonis C. Kakas and Fariba Sadri",
	publisher =	"Springer Verlag, Berlin",
	pages =	"452--490",
)

@inproceedings(
	mt97,
	title =	"{C}ausal theories of action and change",
	author =	"Norman McCain and Hudson Turner",
	booktitle =	"Proceedings of AAAI-97",
	year =	"1997",
	pages =	"460--465",
)

@inproceedings(
	mts07,
	title =	"{A}n {E}xtension to {C}onformant {P}lanning {U}sing {L}ogic {P}rogramming",
	author =	"Ricardo Morales and Phan Huy Tu and Tran Cao Son",
	booktitle =	"Proceedings of the Twentieth International Joint Conference on Artificial Intelligence (IJCAI'07)",
	year =	"2007",
	editor =	"Manuela M. Veloso",
	pages =	"1991--1996",
)

@inproceedings(
	muggleton-1,
	title =	"{D}uce, an oracle based approach to constructive induction",
	author =	"Stephen Muggleton",
	booktitle =	"Proceedings of the 10th International Joint Conference on AI",
	year =	"1987",
	pages =	"287--292",
)

@inproceedings(
	mvs12,
	title =	"{M}obile {R}obot {F}ault {D}etection based on {R}edundant {I}nformation {S}tatistics",
	author =	"Juan Pablo Mendoza and Manuela M. Veloso and Reid Simmons",
	booktitle =	"Workshop at IROS'12 on ``Safety in human-robot coexistence and interaction: How can standardization and research benefit from each other?''",
	month =	"Oct",
	year =	"2012",
)

@inproceedings(
	mwg02,
	title =	"{A} {C}omputational {M}odel of {A}ttention/{S}ituation {A}wareness",
	author =	"Jason S. McCarley and Christopher D. Wickens and Juliana Gob and William J. Horrey",
	booktitle =	"Proceedings of the 46th Annual Meeting of the Human Factors and Ergonomics Society",
	year =	"2002",
)

@inproceedings(
	navigates,
	title =	"{N}avi{G}ates: {A} {B}enchmark for {I}ndoor {N}avigation",
	author =	"Ryan Knotts and Robert Morris and Illah Nourbakhsh",
	booktitle =	"Proceedings of the Third International Conference and Exposition on Robotics for Challenging Environments",
	year =	"1998",
)

@inproceedings(
	nb15,
	title =	"{A}n {A}pproach and {T}ool for {R}easoning about               {S}ituated {C}yber-{P}hysical {S}ystems",
	author =	"Alexandru Nedelcu and Marcello Balduccini",
	booktitle =	"The First Workshop on Action Languages, Process Modeling, and Policy Reasoning (ALPP 2015)",
	year =	"2015",
)

@inproceedings(
	nie98,
	title =	"{L}ogic {P}rograms with {S}table {M}odel {S}emantics as a {C}onstraint {P}rogramming {P}aradigm",
	author =	"Ilkka Niemel{\"a}",
	booktitle =	"Proceedings of the Workshop on Computational Aspects of Nonmonotonic Reasoning",
	month =	"Jun",
	year =	"1998",
	pages =	"72--79",
)

@inproceedings(
	nmb15,
	title =	" {T}he {N}{L}2{K}{R} {P}latform for {B}uilding {N}atural {L}anguage {T}ranslation {S}ystems",
	author =	"Vo Nguyen and Arindam Mitra and Chitta Baral",
	booktitle =	"53rd Annual Meeting of the Association for Computational Linguistics (ACL-IJCNLP 2015)",
	year =	"2015",
	pages =	"899--908",
)

@inproceedings(
	nng12,
	title =	"{A}uctioning {R}obotic {T}asks {W}ith {O}verlapping {T}ime {W}indows ({E}xtended abstract)",
	author =	"Ernesto Nunes and Maitreyi Nanjanath and Maria Gini",
	booktitle =	"Proceedings of the 11th International Conference on Autonomous Agents and Multiagent Systems (AAMAS12)",
	volume =	"3",
	year =	"2012",
	pages =	"1211--1212",
)

@inproceedings(
	nourbakhsh-2,
	title =	"{U}sing {A}bstraction to {I}nterleave {P}lanning and {E}xecution",
	author =	"Illah Nourbakhsh",
	booktitle =	"Proceedings of the Third Biannual World Automaton Congress",
	year =	"1998",
)

@inproceedings(
	ns97,
	title =	"{S}models - an implementation of the stable model and well-founded semantics for normal logic programs",
	author =	"Ilkka Niemel{\"a} and Patrik Simons",
	booktitle =	"Proceedings of the 4th International Conference on Logic Programming and Non-Monotonic Reasoning (LPNMR'97)",
	volume =	"1265",
	year =	"1997",
	series =	"Lecture Notes in Artificial Intelligence (LNCS)",
	pages =	"420--429",
)

@inproceedings(
	oc99,
	title =	"{P}ertinence and {C}ausality",
	author =	"Pedro Cabalar and Ramon Otero",
	booktitle =	"Working Notes of 3rd Workshop on Nonmonotonic Reasoning, Action, and Change (NRAC)",
	year =	"1999",
	pages =	"111--119",
)

@inproceedings(
	oms02,
	title =	"{L}{S}{A}{T} solver",
	author =	"Lakhdar Sais and Bertrand Mazure and Richard Ostrowski",
	booktitle =	"Fifth International Symposium on the Theory and Applications of Satisfiability Testing (SAT 2002)",
	month =	"May",
	year =	"2002",
)

@inproceedings(
	on00,
	title =	"{A}nswer-{S}et {P}rogramming: {F}rom supported to stable models",
	author =	"Juan Carlos Nieves and Mauricio Osorio",
	booktitle =	"Proceedings of the International Conference CIC'2000",
	year =	"2000",
	pages =	"304--314",
)

@inproceedings(
	on01,
	title =	"{S}traitfied {P}artial-{O}rder {L}ogic {P}rogramming",
	author =	"Juan Carlos Nieves and Mauricio Osorio",
	booktitle =	"Conference on Artificial Intelligence (AI'2001)",
	volume =	"2056",
	year =	"2001",
	series =	"Lecture Notes in Artificial Intelligence (LNCS)",
	pages =	"225--235",
)

@inproceedings(
	ona01,
	title =	"{E}quivalence in {A}nswer {S}et {P}rogramming",
	author =	"Mauricio Osorio and Juan A. Navarro and Jose Arrazola",
	booktitle =	"LOPSTR",
	year =	"2001",
	pages =	"57--75",
)

@inproceedings(
	ong01,
	title =	"{U}seful transformations in answer-set programming",
	author =	"Chris Giannela and Juan Carlos Nieves and Mauricio Osorio",
	booktitle =	"Answer Set Programming: Towards Efficient and Scalable Knowledge Representation and Reasoning",
	month =	"Mar",
	year =	"2001",
	editor =	"Alessandro Provetti and Tran Cao Son",
	series =	"AAAI 2001 Spring Symposium Series",
	pages =	"146--152",
)

@inproceedings(
	oo00,
	title =	"{U}sing causality for diagnosis",
	author =	"M. Otero and Ramon Otero",
	booktitle =	"Proceedings of the 11th International Workshop on Principles of Diagnosis",
	year =	"2000",
	pages =	"171--176",
)

@inproceedings(
	ote01,
	title =	"{I}nduction of {S}table {M}odels",
	author =	"Ramon Otero",
	booktitle =	"Proceedings of 11th Int. Conference on Inductive Logic Programming, ILP-01",
	number =	"2157",
	year =	"2001",
	series =	"Lecture Notes in Artificial Intelligence (LNCS)",
	pages =	"193--205",
	MYfile =	"ilp01ismo.pdf",
)

@inproceedings(
	ote03,
	title =	"{I}nduction of the effects of actions by monotonic methods",
	author =	"Ramon Otero",
	booktitle =	"Proceedings of the 13th International Conference on Inductive Logic Programming, ILP 03",
	number =	"2835",
	year =	"2003",
	series =	"Lecture Notes in Artificial Intelligence (LNCS)",
	pages =	"299--310",
)

@inproceedings(
	ote05,
	title =	"{I}nduction of the indirect effects of actions by monotonic methods",
	author =	"Ramon Otero",
	booktitle =	"Proceedings of the 15th International Conference on Inductive Logic Programming, ILP 05",
	number =	"3625",
	year =	"2005",
	series =	"Lecture Notes in Artificial Intelligence (LNCS)",
	pages =	"279--294",
)

@inproceedings(
	ov06,
	title =	"{I}action, a {S}ystem for {L}earning {A}ction {D}escriptions for {P}lanning",
	author =	"Ramon Otero and Miguel Varela",
	booktitle =	"Proceedings of the 16th International Conference on Inductive Logic Programming, ILP 06",
	year =	"2006",
)

@inproceedings(
	pazzani-1,
	title =	"{C}reating {H}igh {L}evel {K}nowledge {S}tructures from {S}imple {E}lements",
	author =	"Michael J. Pazzani",
	booktitle =	"Knowledge Representation and Organization in Machine Learning",
	volume =	"347",
	year =	"1989",
	editor =	"Katharina Morik",
	publisher =	"Springer Verlag, Berlin",
	series =	"Lecture Notes in Artificial Intelligence (LNCS)",
	pages =	"258--288",
)

@inproceedings(
	pbb03,
	title =	"{N}on-monotonic {R}easoning on {B}eowulf {P}latforms",
	author =	"Enrico Pontelli and Marcello Balduccini and F. Bermudez",
	booktitle =	"5th International Symposium on the Practical Aspects of Declarative Languages (PADL'03)",
	volume =	"2562",
	month =	"Jan",
	year =	"2003",
	editor =	"Veronica Dahl and Philip Wadler",
	series =	"Lecture Notes in Artificial Intelligence (LNCS)",
	pages =	"37--57",
)

@inproceedings(
	ped89,
	title =	"{A}{D}{L}: exploring the  middle ground between {S}{T}{R}{I}{P}{S} and the situation calculus",
	author =	"E. Pednault",
	booktitle =	"Proceedings of the First International Conference on Principles of Knowledge Representation and Reasoning (KR-89)",
	year =	"1989",
	pages =	"324--332",
)

@inproceedings(
	pg19,
	title =	"{A}ddressing {C}lass {I}mbalance in {T}rust and {S}tereotype {A}ssessment",
	author =	"Caroline Player and Nathan Griffiths",
	booktitle =	"Proceedings of the 21st International Workshop on Trust in Agent Societies (TRUST 2019)",
	year =	"2019",
)

@inproceedings(
	pollack-1,
	title =	"{I}ntroducing the {T}ileworld: {E}xperimentally {E}valuating {A}gent {A}rchitectures",
	author =	"Martha E. Pollack and Marc Ringuette",
	booktitle =	"Proceedings of the 8th National Conference on Artifical Intelligence",
	year =	"1990",
	pages =	"183--189",
)

@inproceedings(
	rada-1,
	title =	"{A} {K}nowledge-{I}ntensive {L}earning {S}ystem for {D}ocument {R}etrieval",
	author =	"Hafedh Mili and Roy Rada",
	booktitle =	"Knowledge Representation and Organization in Machine Learning",
	volume =	"347",
	year =	"1989",
	editor =	"Katharina Morik",
	publisher =	"Springer Verlag, Berlin",
	series =	"Lecture Notes in Artificial Intelligence (LNCS)",
	pages =	"65--87",
)

@inproceedings(
	rei96,
	title =	"{N}atural actions, concurrency and continuous time in the situation calculus",
	author =	"Raymond Reiter",
	booktitle =	"Principles of Knowledge Representation and Reasoning: Proceedings of the Fifth International Conference (KR'96)",
	month =	"Nov",
	year =	"1996",
	pages =	"2--13",
)

@inproceedings(
	rfv09,
	title =	"{A} {B}{D}{I} {A}gent {A}rchitecture for a {P}{O}{M}{D}{P} {P}lanner",
	author =	"Gavin Rens and Alexander Ferrein and Etienne van der Poel",
	booktitle =	"Ninth International Symposium on Logical Formalizations of Commonsense Reasoning (Commonsense09)",
	year =	"2009",
	pages =	"109--114",
)

@inproceedings(
	rg91,
	title =	"{M}odeling {R}ational {A}gents within a {B}{D}{I}-{A}rchitecture",
	author =	"Anand S. Rao and Michael P. Georgeff",
	booktitle =	"Proceedings of the 2nd International Conference on Principles of Knowledge Representation and Reasoning (KR91)",
	year =	"1991",
	editor =	"James Allen and Richard Fikes and Erik Sandewall",
	publisher =	"Morgan Kaufmann",
	pages =	"473--484",
)

@inproceedings(
	robocup-1,
	title =	"{P}laying {S}occer with {L}egged {R}obots",
	author =	"Minoru Asada and Masahiro Fujita and Hiroaki Kitano and Milliam Uther and Manuela M. Veloso",
	booktitle =	"Proceedings of the International Conference on Intelligent Robots and Systems",
	year =	"1998",
	pages =	"437--442",
)

@inproceedings(
	robocup-2,
	title =	"{R}obo{C}up {R}escue: {S}earch and {R}escue in {L}arge-{S}cale {D}isasters as a {D}omain for {A}utonomous {A}gents {R}esearch",
	author =	"Hiroaki Kitano and Hitoshi Matsubara and Itsuki Noda and Susumu Shimada and Atsuhi Shinjou and Satoshi Tadokoro and Tomoichi Takahashi",
	booktitle =	"Proceedings of IEEE Conference on Man, Systems, and Cybernetics",
	year =	"1999",
	pages =	"437--442",
)

@inproceedings(
	rosati-2,
	title =	"{P}lanning with sensing, concurrency, and exogenous events: logical framework and implementation",
	author =	"Luca Iocchi and Daniele Nardi and Riccardo Rosati",
	booktitle =	"Procs. of the 7th International Conference on Principles of Knowledge Representation and Reasoning (KR2000)",
	year =	"2000",
	pages =	"678--689",
	MYflag =	"da leggere",
)

@inproceedings(
	rosenbloom-1,
	title =	"{I}ntegrating {E}xecution, {P}lanning, and {L}earning in {S}oar for {E}xternal {E}nvironments",
	author =	"John E. Laird and Paul S. Rosenbloom",
	booktitle =	"Proceedings of the 8th National Conference on Artifical Intelligence",
	year =	"1990",
	pages =	"1022--1029",
)

@inproceedings(
	russell-1,
	title =	"{L}earning agents for uncertain environments (extended abstract)",
	author =	"Stuart J. Russell",
	booktitle =	"Proceedings of COLT-98",
	year =	"1998",
)

@inproceedings(
	sac75,
	title =	"{T}he nonlinear nature of plans",
	author =	"E. Sacerdoti",
	booktitle =	"Procs of IJCAI-75",
	year =	"1975",
)

@inproceedings(
	sak00,
	title =	"{I}nverse {E}ntailment in {N}onmonotonic {L}ogic {P}rograms",
	author =	"Chiaki Sakama",
	booktitle =	"Proceedings of the 10th International Conference on Inductive Logic Programming, ILP 00",
	number =	"1866",
	year =	"2000",
	series =	"Lecture Notes in Artificial Intelligence (LNCS)",
	pages =	"209--224",
	MYfile =	"ilp2000.ps.gz",
)

@inproceedings(
	sak01,
	title =	"{L}earning by {A}nswer {S}ets",
	author =	"Chiaki Sakama",
	booktitle =	"Answer Set Programming: Towards Efficient and Scalable Knowledge Representation and Reasoning",
	month =	"Mar",
	year =	"2001",
	editor =	"Alessandro Provetti and Tran Cao Son",
	series =	"AAAI 2001 Spring Symposium Series",
	MYfile =	"26.ps",
)

@inproceedings(
	sak01b,
	title =	"{N}onmonotonic inductive logic programming",
	author =	"Chiaki Sakama",
	booktitle =	"Proceedings of the 6th International Conference on Logic Programming and Nonmonotonic Reasoning",
	month =	"Sep",
	year =	"2001",
	pages =	"62--80",
)

@inproceedings(
	sak99,
	title =	"{S}ome {P}roperties of {I}nverse {R}esolution in {N}ormal {L}ogic {P}rograms",
	author =	"Chiaki Sakama",
	booktitle =	"Proceedings of the 9th International Workshop on Inductive Logic Programming, ILP 99",
	number =	"1634",
	year =	"1999",
	series =	"Lecture Notes in Artificial Intelligence (LNCS)",
	pages =	"279--290",
	MYfile =	"sakama99some.pdf",
)

@inproceedings(
	sbt08,
	title =	"{H}uman-{R}obot {C}ollaboration for {R}emote {S}urveillance",
	author =	"Evan A. Sultanik and Ilya Braude and Peter Thaj and Robert N. Lass and Duc N. Nguyen and Joseph B. Kopena and William C. Regli and Sean A. Lisse and Steven N. Futwangler and Alan J. Vayda",
	booktitle =	"Proceedings of the 23rd National Conference on Artificial Intelligence (AAAI'08)",
	year =	"2008",
	pages =	"1886--1887 ",
)

@inproceedings(
	schaub-1,
	title =	"{L}ogic {P}rograms with compiled preferences",
	author =	"James P. Delgrande and Torsten Schaub and Hans Tompits",
	booktitle =	"Proceedings of the European Conference on Artificial Intelligence (ECAI00)",
	year =	"2000",
	publisher =	"IOS Press",
	pages =	"392--398",
	MYfile =	"lp-prefs.ps",
)

@inproceedings(
	semeraro-1,
	title =	"{R}evision of {L}ogical {T}heories",
	author =	"F. Esposito and N. Fanizzi and D. Malerba and G. Semeraro",
	booktitle =	"Proceedings of the 4th Congress of the Italian Association for Artificial Intelligence",
	year =	"1995",
	pages =	"365--376",
)

@inproceedings(
	shavlik-1,
	title =	"{R}efinement of {A}pproximate {D}omain {T}heories by {K}nowledge-{B}ased {N}eural {N}etworks",
	author =	"Michiel O. Noordewier and Jude W. Shavlik and Geoffrey G. Towell",
	booktitle =	"Proceedings of the 8th National Conference on Artifical Intelligence",
	year =	"1990",
	pages =	"861--866",
)

@inproceedings(
	si96,
	title =	"{R}epresenting {P}riorities in {L}ogic {P}rograms",
	author =	"Katsumi Inoue and Chiaki Sakama",
	booktitle =	"Proceedings of the Joint International Conference and Symposium on Logic Programming (JICSLP'96)",
	year =	"1996",
	publisher =	"MIT Press",
	pages =	"82-96",
	MYfile =	"jicslp96.ps.gz",
)

@inproceedings(
	sim99,
	title =	"{E}xtending the {S}table {M}odel {S}emantics with {M}ore {E}xpressive {R}ules",
	author =	"Patrik Simons",
	booktitle =	"Proceedings of the 5th International Conference on Logic Programming and Non-monotonic Reasoning (LPNMR-99)",
	number =	"1730",
	year =	"1999",
	publisher =	"Springer Verlag, Berlin",
	series =	"Lecture Notes in Artificial Intelligence (LNCS)",
)

@inproceedings(
	simmons-1,
	title =	"{A} {L}ayered {A}rchitecture for {O}ffice {D}elivery {R}obots",
	author =	"R. Goodwin and K. Haigh and S. Koenig and J. O'Sullivan and Reid Simmons",
	booktitle =	"First International Conference on Autonomous Agents",
	month =	"Feb",
	year =	"1997",
	pages =	"245--252",
	MYfile =	"simmons97a.ps.gz",
)

@inproceedings(
	slaney-1,
	title =	"{L}inear-{T}ime {N}ear-{O}ptimal {P}lanning in the {B}locks{W}orld",
	author =	"J. Slaney and S. Thiebaux",
	booktitle =	"Proceedings of the 13th National Conference on Artificial Intelligence",
	year =	"1996",
	pages =	"1208--1214",
	MYflag =	"da leggere",
	MYflag =	"da stampare",
	MYfile =	"aaai96.ps",
)

@inproceedings(
	sm07,
	title =	"{L}earning to {S}olve {Q}{B}{F}",
	author =	"Horst Samulowitz and Roland Memisevic",
	booktitle =	"Proceedings of the 22nd National Conference on Artificial Intelligence (AAAI'07)",
	year =	"2007",
	publisher =	"AAAI Press/The MIT Press, Menlo Park, CA",
	pages =	"255--260",
	MYfile =	"learning-to-solve-qbf.pdf",
)

@inproceedings(
	sn99,
	title =	"{D}eveloping a declarative rule language for applications in product configuration",
	author =	"Timo Soininen and Ilkka Niemel{\"a}",
	booktitle =	"Proceedings of the First International Workshop on Practical Aspects of Declarative Languages",
	month =	"May",
	year =	"1999",
)

@inproceedings(
	soarbot-1,
	title =	"{I}t {K}nows {W}hat {Y}ou're {G}oing {T}o {D}o: {A}dding {A}nticipation to a {Q}uakebot",
	author =	"John E. Laird",
	booktitle =	"Artificial Intelligence and Interactive Entertainment",
	month =	"Mar",
	year =	"2000",
	publisher =	"Springer Verlag, Berlin",
	series =	"AAAI 2000 Spring Symposium Series",
	MYfile =	"anticipation-print.pdf",
)

@inproceedings(
	someren-1,
	title =	"{U}sing {A}ttribute {D}ependencies for {R}ule {L}earning",
	author =	"Maarten W. van Someren",
	booktitle =	"Knowledge Representation and Organization in Machine Learning",
	volume =	"347",
	year =	"1989",
	editor =	"Katharina Morik",
	publisher =	"Springer Verlag, Berlin",
	series =	"Lecture Notes in Artificial Intelligence (LNCS)",
	pages =	"192--210",
)

@inproceedings(
	sou03,
	title =	"{H}igh-level {R}obot {P}rogramming and {P}rogram {E}xecution",
	author =	"Mikhail Soutchanski",
	booktitle =	"Proceedings of the ICAPS-03 Workshop on Plan Execution",
	month =	"Jun",
	year =	"2003",
)

@inproceedings(
	spb15,
	title =	"{R}easoning about {T}ruthfulness of {A}gents {U}sing {A}nswer {S}et {P}rogramming",
	author =	"Tran Cao Son and Enrico Pontelli and Marcello Balduccini",
	booktitle =	"AAAI 2015 Symposium on Deceptive and Counter-Deceptive Machines (AAAI-DCDM-15)",
	year =	"2015",
)

@inproceedings(
	spe13,
	title =	"{A} {S}ystematic {A}nalysis of {L}evels of {I}ntegration between {L}ow-{L}evel {R}easoning and {T}ask {P}lanning",
	author =	"Peter Schuller and Volkan Patoglu and Esra Erdem",
	booktitle =	"Workshop on Combining Task and Motion Planning at the IEEE International Conference on Robotics and Automation 2013",
	year =	"2013",
)

@inproceedings(
	spg16,
	title =	"{R}easoning about {T}ruthfulness of {A}gents {U}sing {A}nswer {S}et {P}rogramming",
	author =	"Tran Cao Son and Enrico Pontelli and Michael Gelfond and Marcello Balduccini",
	booktitle =	"15th International Conference on Principles of Knowledge Representation and Reasoning",
	year =	"2016",
)

@inproceedings(
	spg16b,
	title =	"{A}n {A}nswer {S}et {P}rogramming {F}ramework for {R}easoning about {T}ruthfulness of {S}tatements by {A}gents",
	author =	"Tran Cao Son and Enrico Pontelli and Michael Gelfond and Marcello Balduccini",
	booktitle =	"32nd International Conference on Logic Programming (ICLP16)",
	year =	"2016",
)

@inproceedings(
	ss09,
	title =	"{N}egotiation {U}sing {L}ogic {P}rogramming with {C}onsistency {R}estoring {R}ules",
	author =	"Chiaki Sakama and Tran Cao Son",
	booktitle =	"Proceedings of the 21st International Joint Conference on Artificial Intelligence (IJCAI'09)",
	year =	"2009",
	editor =	"Craig Boutilier",
	pages =	"930--935",
	MYfile =	"IJCAI09TranS.pdf",
)

@inproceedings(
	sub95,
	title =	"{R}elating {S}table {M}odels and {A}{I} {P}lanning {D}omains",
	author =	"V. S. Subrahmanian and Carlo Zaniolo",
	booktitle =	"Proceedings of ICLP-95",
	year =	"1995",
)

@inproceedings(
	swartout-1,
	title =	"{E}xplanation: {A} {S}ource of {G}uidance for {K}nowledge {R}epresentation",
	author =	"Stephen W. Smoliar and William R. Swartout",
	booktitle =	"Knowledge Representation and Organization in Machine Learning",
	volume =	"347",
	year =	"1989",
	editor =	"Katharina Morik",
	publisher =	"Springer Verlag, Berlin",
	series =	"Lecture Notes in Artificial Intelligence (LNCS)",
	pages =	"1--16",
)

@inproceedings(
	syr01,
	title =	"{O}mega-{R}estricted {L}ogic {P}rograms",
	author =	"Tommi Syrj{\"a}nen",
	booktitle =	"6th International Conference on Logic  Programming and Nonmonotonic Reasoning (LPNMR01)",
	volume =	"2173",
	year =	"2001",
	editor =	"Thomas Eiter and Wolfgang Faber and Miroslaw Truszczynski",
	publisher =	"Springer Verlag, Berlin",
	series =	"Lecture Notes in Artificial Intelligence (LNCS)",
	pages =	"267--279",
)

@inproceedings(
	tf02,
	title =	"{U}sing {S}oft {C}{S}{P}s for {A}pproximating {P}areto-{O}ptimal {S}olution {S}ets",
	author =	"Boi Faltings and Marc Torrens",
	booktitle =	"Preferences in AI and CP: Symbolic Approaches",
	year =	"2002",
	editor =	"Ulrich Junker",
	series =	"AAAI 2002 Spring Symposium Series",
	pages =	"99--106",
)

@inproceedings(
	thi09,
	title =	"{A}nswer {S}et {P}rogramming for {S}ingle-{P}layer {G}ames in {G}eneral {G}ame {P}laying",
	author =	"Michael Thielscher",
	booktitle =	"10th International Conference on Logic  Programming and Nonmonotonic Reasoning (LPNMR09)",
	volume =	"5753",
	month =	"Sep",
	year =	"2009",
	editor =	"Esra Erdem and Fangzhen Lin and Torsten Schaub",
	publisher =	"Springer Verlag, Berlin",
	series =	"Lecture Notes in Artificial Intelligence (LNCS)",
	pages =	"327--341",
)

@inproceedings(
	thieme-1,
	title =	"{T}he {A}cquisition of {M}odel-{K}nowledge for a {M}odel {D}riven {M}achine {L}earning {A}pproach",
	author =	"Sabine Thieme",
	booktitle =	"Knowledge Representation and Organization in Machine Learning",
	volume =	"347",
	year =	"1989",
	editor =	"Katharina Morik",
	publisher =	"Springer Verlag, Berlin",
	series =	"Lecture Notes in Artificial Intelligence (LNCS)",
	pages =	"177--191",
)

@inproceedings(
	thrun-1,
	title =	"{M}{I}{N}{E}{R}{V}{A}: {A} second generation mobile tour-guide robot",
	author =	"M. Bennewitz and W. Burgard and A. B. Cremers and F. Dellaert and Dieter Fox and D. Haehnel and C. Rosenberg and N. Roy and J. Schulte and D. Schulz and S. Thrun",
	booktitle =	"Proceedings of the IEEE International Conference on Robotics and Automation (ICRA)",
	year =	"1999",
	MYfile =	"thrun.icra_minerva.ps.gz",
)

@inproceedings(
	thrun-2,
	title =	"{C}oastal {N}avigation: {R}obot {N}avigation under {U}ncertainty in {D}ynamic {E}nvironments",
	author =	"W. Burgard and Dieter Fox and N. Roy and S. Thrun",
	booktitle =	"Proceedings of the IEEE International Conference on Robotics and Automation (ICRA)",
	year =	"1999",
	MYfile =	"roy_icra_coastal.ps",
)

@inproceedings(
	tur02,
	title =	"{P}olynomial-{L}ength {P}lanning {S}pans the {P}olynomial {H}ierarchy",
	author =	"Hudson Turner",
	booktitle =	"Proceedings of the 8th European Conference on Artificial Intelligence (JELIA 2002)",
	month =	"Sep",
	year =	"2002",
	editor =	"Sergio Flesca and Giovanbattista Ianni",
	publisher =	"Springer Verlag, Berlin",
	pages =	"111--124",
)

@inproceedings(
	tur96,
	title =	"{S}plitting a {D}efault {T}heory",
	author =	"Hudson Turner",
	booktitle =	"Proceedings of AAAI-96",
	year =	"1996",
	pages =	"645--651",
)

@inproceedings(
	ue10,
	title =	"{G}enome {R}earrangement: {A} {P}lanning {A}pproach",
	author =	"Tansel Uras and Esra Erdem",
	booktitle =	"Proceedings of the Twenty-Fourth Conference on Artificial Intelligence",
	year =	"2010",
)

@inproceedings(
	val,
	title =	"{V}{A}{L}: {A}utomatic {P}lan {V}alidation, {C}ontinuous {E}ffects and {M}ixed {I}nitiative {P}lanning {U}sing {P}{D}{D}{L}",
	author =	"Maria Fox and Richard Howey and Derek Long",
	booktitle =	"16th IEEE International Conference on Tools with Artificial Intelligence (ICTAI 2004)",
	year =	"2004",
	pages =	"294--301",
)

@inproceedings(
	van-de-velde-1,
	title =	"({R}e){P}resentation {I}ssues in {S}econd {G}eneration {E}xpert {S}ystems",
	author =	"Walter Van de Velde",
	booktitle =	"Knowledge Representation and Organization in Machine Learning",
	volume =	"347",
	year =	"1989",
	editor =	"Katharina Morik",
	publisher =	"Springer Verlag, Berlin",
	series =	"Lecture Notes in Artificial Intelligence (LNCS)",
	pages =	"17--49",
)

@inproceedings(
	vb15,
	title =	"{M}aking {S}ense of {F}uture {C}ybersecurity {T}echnologies: {U}sing {O}ntologies for {M}ultidisciplinary {D}omain {A}nalysis",
	author =	"Claire Vishik and Marcello Balduccini",
	booktitle =	"Information Security Solutions Europe 2015 (ISSE 2015)",
	year =	"2015",
)

@inproceedings(
	wat00,
	title =	"{A} {S}plitting {S}et {T}heorem for {E}pistemic {S}pecifications",
	author =	"Richard Watson",
	booktitle =	"Proceedings of the 8th International Workshop on Non-Monotonic Reasoning (NMR'2000)",
	month =	"Apr",
	year =	"2000",
)

@inproceedings(
	wat99,
	title =	"{A}n application of action theory to the {S}pace {S}huttle",
	author =	"Richard Watson",
	booktitle =	"PADL-99",
	volume =	"1551",
	year =	"1999",
	series =	"Lecture Notes in Artificial Intelligence (LNCS)",
	pages =	"290-304",
)

@inproceedings(
	wilkins-1,
	title =	"{K}nowledge {B}ase {R}efinement {U}sing {A}pprenticeship {L}earning {T}echniques",
	author =	"David C. Wilkins",
	booktitle =	"Knowledge Representation and Organization in Machine Learning",
	volume =	"347",
	year =	"1989",
	editor =	"Katharina Morik",
	publisher =	"Springer Verlag, Berlin",
	series =	"Lecture Notes in Artificial Intelligence (LNCS)",
	pages =	"247-257",
)

@inproceedings(
	wrobel-1,
	title =	"{D}emand-{D}riven {C}oncept {F}ormation",
	author =	"Stefan Wrobel",
	booktitle =	"Knowledge Representation and Organization in Machine Learning",
	volume =	"347",
	year =	"1989",
	editor =	"Katharina Morik",
	publisher =	"Springer Verlag, Berlin",
	series =	"Lecture Notes in Artificial Intelligence (LNCS)",
	pages =	"289--319",
)

@inproceedings(
	wyy09,
	title =	"{W}eight {C}onstraint {P}rograms with {F}unctions",
	author =	"Yisong Wang and Jia-Huai You and Li-Yan Yuan and Mingyi Zhang",
	booktitle =	"10th International Conference on Logic  Programming and Nonmonotonic Reasoning (LPNMR09)",
	volume =	"5753",
	month =	"Sep",
	year =	"2009",
	editor =	"Esra Erdem and Fangzhen Lin and Torsten Schaub",
	publisher =	"Springer Verlag, Berlin",
	series =	"Lecture Notes in Artificial Intelligence (LNCS)",
	pages =	"329--341",
	MYfile =	"wyy09.pdf",
)

@inproceedings(
	ybi17,
	title =	"{C}{A}{S}{P} for {R}obot {C}ontrol in {H}ybrid {D}omains",
	author =	"Ryan Young and Marcello Balduccini and Ankush Israney",
	booktitle =	"Workshop on Answer Set Programming and Other Computing Paradigms (ASPOCP17)",
	year =	"2017",
)

@inproceedings(
	ylx15,
	title =	"{E}vent{N}et: {A} {L}arge {S}cale {S}tructured {C}oncept {L}ibrary for {C}omplex {E}vent {D}etection in {V}ideo",
	author =	"Guangnan Ye and Yitong Li and Hongliang Xu and Dong Liu and Shih-Fu Chang",
	booktitle =	"Proceedings of the 23rd ACM international conference on Multimedia (MM15)",
	year =	"2015",
	pages =	"471--480",
)

@inproceedings(
	zb16,
	title =	"{C}ommenting {E}conomy on {O}nline {N}ews {S}tories",
	author =	"Asta Zelenkauskaite and Marcello Balduccini",
	booktitle =	"NCA 102nd Annual Convention",
	year =	"2016",
)

@inproceedings(
	zha97,
	title =	"{S}{A}{T}{O}: {A}n {E}fficient {P}ropositional {P}rover",
	author =	"Hantao Zhang",
	booktitle =	"Proceedings of the International Conference on Automated Deduction (CADE-97)",
	volume =	"1249",
	year =	"1997",
	series =	"Lecture Notes in Artificial Intelligence (LNCS)",
	pages =	"272--275",
)

@inproceedings(
	zs02,
	title =	"{A}n {I}mplementation of {S}patio-{T}emporal {A}nnotated {C}onstraint {L}ogic {P}rogramming ({S}{T}{A}{C}{L}{P})",
	author =	"David Sol and Claudia Zepeda",
	booktitle =	"Proceedings of the International Workshop on Semantic Processing of Spatial Data GEOPRO 2002",
	year =	"2002",
)

@inproceedings(
	zsg14,
	title =	"{A}n {A}rchitecture for {K}nowledge {R}epresentation and {R}easoning in {R}obotics",
	author =	"Shiqi Zhang and Mohan Sridharan and Michael Gelfond and Jeremy Wyatt",
	booktitle =	"6th International Conference on Social Robotics, 2014",
	year =	"2014",
)

@inproceedings(
	zucker-1,
	title =	"{R}eformulation of {E}xamples in {C}oncept {L}earning of {S}tructural {D}escriptions",
	author =	"J. D. Zucker",
	booktitle =	"Proceedings of the 4th Congress of the Italian Association for Artificial Intelligence",
	year =	"1995",
	pages =	"377--388",
)

@inproceedings(
	zyk15,
	title =	"{M}obile {R}obot {P}lanning using {A}ction {L}anguage {B}{C} with an {A}bstraction {H}ierarchy",
	author =	"Shiqi Zhang and Fangkai Yang and Piyush Khandelwal and Peter Stone",
	booktitle =	"13th International Conference on Logic Programming and Nonmonotonic Reasoning",
	year =	"2015",
)

@mastersthesis(
	balduccini-2,
	title =	"{S}tudio di un agente autonomo che interagisce con un ambiente sconosciuto costruendone un modello induttivo e incrementale",
	author =	"Marcello Balduccini",
	school =	"Department of Computer Science, University of Milan",
	month =	"Mar",
	year =	"1998",
)

@mastersthesis(
	chi04,
	title =	"{M}odeling {H}ybrid {D}omains {U}sing {P}rocess {D}escription {L}anguage",
	author =	"Sandeep Chintabathina",
	school =	"Texas Tech University",
	month =	"Dec",
	year =	"2004",
)

@mastersthesis(
	gia05,
	title =	"{D}etecting {S}uspicious {I}nput in {I}ntelligent {S}ystems using {A}nswer {S}et {P}rogramming",
	author =	"Nicholas Gianoutsos",
	school =	"Texas Tech University",
	month =	"May",
	year =	"2005",
)

@mastersthesis(
	kol04,
	title =	"{D}eveloping an {I}nference {E}ngine for {C}{R}-{P}rolog with {P}references",
	author =	"Loveleen Kolvekar",
	school =	"Texas Tech University",
	month =	"Dec",
	year =	"2004",
)

@mastersthesis(
	mel02,
	title =	"{O}ptimizing the {C}omputation of {S}table {M}odels using {M}erged {R}ules",
	author =	"Veena S. Mellarkod",
	school =	"Texas Tech University",
	month =	"May",
	year =	"2002",
)

@mastersthesis(
	tar04,
	title =	"{L}earning {A}ns{P}rolog {R}ules",
	author =	"Luis Ng Tari",
	school =	"Arizona State University",
	month =	"Jun",
	year =	"2004",
	MYfile =	"master_thesis.pdf",
)

@techreport(
	bal06c,
	title =	"{C}omputing {A}nswer {S}ets of {C}{R}-{P}rolog {P}rograms",
	institution =	"Texas Tech University",
	author =	"Marcello Balduccini",
	year =	"2006",
)

@techreport(
	bgg05,
	title =	"{D}eep {R}easoning for {Q}uestion {A}nswering: the {D}{D} {S}ystem",
	institution =	"Texas Tech University",
	author =	"Marcello Balduccini and Gregory Gelfond and Michael Gelfond",
	year =	"2005",
)

@techreport(
	cyb14,
	title =	"{F}ramework for {I}mproving {C}ritical {I}nfrastructure {C}ybersecurity",
	institution =	"National Institute of Standards and Technology (NIST)",
	year =	"2014",
	note =	"http://www.nist.gov/cyberframework/upload/cybersecurity-framework-021214-final.pdf",
)

@techreport(
	dt03,
	title =	"{M}aude {S}pecification of the {M}{D}{S} {A}rchitecture and {E}xamples",
	institution =	"SRI International",
	author =	"Grit Denker and Carolyn Talcott",
	year =	"2003",
	number =	"03 2003",
)

@techreport(
	eef04,
	title =	"{D}iagnosing {P}lan {E}xecution {D}iscrepancies in a {L}ogic-{B}ased {A}ction {F}ramework",
	institution =	"Vienna University of Technology",
	author =	"Thomas Eiter and Esra Erdem and Wolfgang Faber",
	month =	"Aug",
	year =	"2004",
	number =	"INFSYS RR-1843-04-03",
)

@techreport(
	estlin-1,
	title =	"{I}ntegrating {E}xplanation-{B}ased and {I}nductive {L}earning {T}echniques to {A}cquire {S}earch-{C}ontrol for {P}lanning",
	institution =	"Department of Computer Science, University of Texas at Austin",
	author =	"Tara A. Estlin",
	month =	"Sep",
	year =	"1996",
	number =	"AI96-250",
)

@techreport(
	fikes-1,
	title =	"{M}onitored {E}xecution of {R}obot {P}lans {P}roduces by {S}{T}{R}{I}{P}{S}",
	institution =	"Stanford Research Institute",
	author =	"Richard Fikes",
	year =	"1971",
	number =	"55",
	MYflag =	"da trovare",
)

@techreport(
	gel91,
	title =	"{E}pistemic approach to formalization of commonsense reasoning",
	institution =	"University of Texas at El Paso",
	author =	"Michael Gelfond",
	year =	"1991",
	number =	"TR-91-2",
)

@techreport(
	ght03,
	title =	"{A} {R}obot {C}ontrol {S}ystem {I}ntegrating {R}eactive {C}ontrol, {R}easoning, and {E}xecution {M}onitoring",
	institution =	"Technische Universitat Dresden",
	author =	"Axel Grossmann and Andreas Henschel and Michael Thielscher",
	year =	"2003",
	number =	"WV-03-02/CL-2003-01",
	MYfile =	"WV-03-02.pdf",
)

@techreport(
	hol95,
	title =	"{O}{F}{A}{I} clp(q,r) {M}anual, {E}dition 1.3.3",
	institution =	"Austrian Research Institute for Artificial Intelligence",
	author =	"C. Holzbaur",
	year =	"1995",
	number =	"TR-95-09",
)

@techreport(
	koch-1,
	title =	"{I}nductive learning of compact rule sets by using efficient hypotheses reduction",
	institution =	"International Computer Science Institute",
	author =	"Thomas Koch",
	month =	"Oct",
	year =	"1992",
	number =	"TR 92-069",
)

@techreport(
	liberatore-1,
	title =	"{A}lgorithms and {E}xperiments on {F}inding {M}inimal {M}odels",
	institution =	"Department of Computer and Systems Sciences, University of Rome La Sapienza",
	author =	"Paolo Liberatore",
	year =	"1999",
	number =	"09-99",
)

@techreport(
	olawsky-1,
	title =	"{A}n {A}nalysis of {S}ensor-{B}ased {T}ask {P}lanning",
	institution =	"Minneapolis",
	author =	"Maria Gini and K. Krebsbach and D. Olawsky",
	year =	"1993",
	number =	"93-94",
	MYflag =	"da trovare",
)

@techreport(
	osherson-1,
	title =	"{A} universal inductive inference machine",
	institution =	"Department of Computer and Information Science, University of Pennsylvania",
	author =	"Daniel N. Osherson and Michael Stob and Scott Weinstein",
	month =	"Jul",
	year =	"1989",
	number =	"MS-CIS-89-44",
)

@techreport(
	smodels-1,
	title =	"{T}owards contraint satisfaction through logic programs and the stable model semantics",
	institution =	"Digital Systems Laboratory, Helsinki University of Technology",
	author =	"Patrik Simons",
	year =	"1997",
	number =	"47",
)

@techreport(
	smodels-2,
	title =	"{I}mplementation of logical grounding for logic programs with stable model semantics",
	institution =	"Digital Systems Laboratory, Helsinki University of Technology",
	author =	"Tommi Syrj{\"a}nen",
	year =	"1998",
	number =	"18",
)

@unpublished(
	forte-1,
	title =	"{I}nstructions for {U}sing {F}{O}{R}{T}{E}",
	author =	"Bradley L. Richards",
	month =	"Aug",
	year =	"1994",
)

@unpublished(
	hob85b,
	title =	"{T}he {L}ogical {N}otation: {O}ntological {P}romiscuity",
	author =	"Jerry Hobbs",
	year =	"1985",
	MYfile =	"disinf-chap2.pdf",
)

@unpublished(
	progol-1,
	title =	"{C}{P}rogol4.4: a tutorial introduction",
	author =	"John Firth and Stephen Muggleton",
	month =	"Jul",
	year =	"1999",
	MYflag =	"da leggere",
)

